3540 5666
1004 686 1037 698 ..
1057 656 1092 714 2⁶
1110 686 1144 698 ..

545 783 623 852 dam
654 783 881 852 exsultatione
897 783 1070 864 311331,113
1091 801 1219 869 pravos
1252 784 1410 852 homines
1436 790 1497 853 eut
1513 786 1602 854 mala

544 907 688 977 consilia
702 907 923 992 reprehendit
941 909 975 973 et
988 907 1130 991 corripit
1144 921 1151 972 :

583 1066 689 1123 «Blud
703 1065 799 1121 trehit
810 1079 867 1121 son
879 1065 985 1135 prince
998 1079 1037 1121 en
1051 1063 1157 1121 ioveur
1174 1065 1211 1122 de
1233 1063 1382 1119 Vlodimir
1402 1078 1408 1118 :
1427 1065 1450 1121 0
1466 1065 1601 1122 meudiie

543 1187 617 1230 ruse
641 1172 696 1230 des
716 1170 873 1228 hommes!
896 1171 1023 1228 Comme
1041 1171 1086 1227 dit
1104 1171 1203 1227 David
1225 1184 1232 1225 ε
1254 1169 1342 1226 Celui
1370 1169 1425 1242 qui
1448 1172 1602 1243 mengeeit

543 1294 617 1335 mon
629 1278 701 1350 pein
714 1277 772 1333 m‘e
784 1275 881 1334 tendu
892 1290 936 1332 un
947 1275 1061 1348 piege1.
1069 1277 1128 1333 Car
1140 1280 1188 1333 cei
1199 1275 1324 1332 homme
1341 1275 1441 1331 tendit
1455 1291 1501 1331 un
1512 1275 1600 1347 piege

544 1384 628 1443 dson
641 1384 757 1456 prince.
773 1385 926 1440 diencore
938 1397 944 1438 :
954 1384 1052 1441 Leurs
1064 1385 1194 1456 langues
1206 1382 1302 1439 m'ont
1313 1381 1599 1454 trompe‚juge-1es,

544 1490 696 1562 seigneur
716 1503 723 1545 ε
744 1487 836 1562 qu'ils
854 1487 994 1544 tomhent
1007 1489 1049 1544 du
1061 1488 1139 1544 naue
1153 1487 1190 1544 de
1202 1488 1287 1546 leurs
1300 1485 1452 1557 pensees:
1474 1488 1601 1546 chasse-

541 1599 588 1655 les
605 1612 644 1655 en
662 1596 765 1652 raison
778 1594 816 1651 de
828 1596 912 1651 leurs
926 1591 1080 1665 impieies
1097 1593 1156 1649 Car
1170 1592 1210 1649 ils
1221 1593 1299 1649 c'ont
1310 1591 1408 1659 irrite,
1421 1591 1598 1665 Seigneur¹.

542 1704 641 1762 David
653 1704 699 1761 dit
716 1704 754 1760 de
767 1701 867 1758 meme
886 1702 950 1758 :les
962 1700 1104 1757 hommes
1120 1701 1157 1757 de
1176 1714 1253 1772 sang
1266 1703 1296 1757 et
1312 1700 1349 1757 de
1363 1701 1503 1758 trahison
1523 1703 1601 1758 n’er-

541 1812 679 1869 riveroni
691 1823 747 1880 pes
769 1807 827 1864 dle
845 1806 950 1864 moitie
970 1807 1008 1864 de
1026 1809 1095 1864 leur
1111 1806 1241 1864 cerriere
1260 1806 1280 1862 ⁸.
1298 1806 1380 1865 C’est
1395 1824 1440 1864 un
1460 1808 1600 1865 maureis

542 1917 658 1976 conseil
670 1931 732 1988 que
744 1915 824 1972 celui
838 1915 893 1987 qui
911 1914 1055 1971 conseille
1069 1912 1224 1972 l'effusion
1242 1915 1285 1971 du
1304 1929 1390 1986 sang.
1405 1914 1447 1971 Ge
1458 1917 1530 1971 sont
1545 1915 1599 1972 des

541 2021 684 2081 insenses
695 2035 755 2093 que
769 2035 849 2078 ceux
866 2019 920 2091 qui
940 2021 1035 2090 ayant
1051 2033 1125 2091 recu
1142 2019 1180 2076 de
1201 2021 1271 2076 leur
1283 2020 1434 2090 seigneur
1448 2020 1486 2075 de
1504 2019 1601 2075 l’hon-

541 2149 621 2192 neur
635 2136 667 2190 et
681 2133 736 2190 des
759 2129 901 2202 presenis
917 2126 1069 2183 meditent
1086 2128 1115 2183 13
1130 2128 1221 2185 ruine
1236 2129 1274 2184 de
1294 2129 1380 2184 leurs
1394 2129 1527 2199 princes.
1539 2129 1599 2186 Ces

538 2243 682 2300 hommes
694 2240 766 2296 sont
781 2238 866 2309 pires
878 2249 940 2307 que
954 2237 1000 2291 les
1017 2232 1156 2291 demons.
1175 2255 1187 2285 1

585 2380 646 2447 1131
671 2398 797 2446 nomen
817 2379 946 2464 saepius
980 2396 1001 2443 3
1025 2377 1170 2444 Nestore
1195 2378 1379 2444 scribitur:
1405 2381 1496 2446 Deus
1522 2381 1598 2464 ejus

539 2523 668 2572 numen
687 2506 741 2569 est
762 2502 846 2568 illud
873 2501 1035 2568 biblicum
1055 2500 1145 2584 quod
1173 2501 1277 2568 rebus
1306 2502 1467 2569 humanis
1494 2503 1599 2570 inter·

537 2631 648 2713 venit;
660 2629 756 2695 illum
766 2627 892 2711 ubique
902 2629 1109 2711 praesentem
1125 2626 1274 2692 ostendit
1287 2628 1595 2713 chronographus:

573 2790 732 2864 «Oiegdii
746 2788 763 2846 d
777 2788 864 2846 Beris
887 2802 950 2845 :ne
970 2789 1197 2860 merchonspns
1219 2793 1323 2846 contre
1353 2804 1426 2846 eux.
1449 2791 1536 2850 Nous
1557 2802 1597 2846 ne

538 2914 674 2959 sommes
692 2912 748 2969 pes
761 2895 902 2966 cepehles
917 2895 954 2952 de
967 2895 1047 2951 tenir
1060 2894 1121 2952 tete
1133 2895 1150 2952 d
1163 2899 1273 2968 quatre
1286 2897 1410 2967 princes
1423 2913 1429 2954 :
1446 2897 1526 2953 meis
1546 2911 1599 2953 en·

537 3024 658 3080 voyons
667 3008 751 3078 prier
763 3020 820 3062 nos
833 3007 948 3061 333133.
963 3004 1051 3060 Boris
1062 3004 1107 3061 lui
1119 3004 1165 3060 dn
1178 3020 1184 3061 ε
1199 3005 1295 3061 Veille
1308 3004 1482 3061 seulement
1496 3018 1530 3061 ce
1543 3003 1598 3076 qui

537 3118 586 3172 est
610 3112 679 3185 pret
695 3111 777 3168 :moi
793 3110 825 3182 je
837 3106 1025 3166 resisteraie
1043 3108 1169 3166 hou12il
1184 3121 1214 3165 se
1226 3107 1345 3180 delicit
1356 3109 1384 3166 ei
1403 3108 1429 3166 il
1446 3121 1481 3166 oe
1497 3107 1598 3166 saeuit
1713 3115 1714 3123 ’

531 3234 656 3294 pesque
666 3215 1235 3286 111333313331331333333333311333,
1249 3217 1281 3270 et
1295 3214 1375 3270 aime
1392 3215 1439 3271 133
1452 3214 1601 3272 humiles

537 3326 599 3385 ofin
618 3340 680 3399 que
695 3327 724 3382 le
740 3323 800 3380 fort
811 3335 853 3380 no
871 3321 1132 3393 s'enorgueillisse
1144 3335 1201 3393 pes
1218 3321 1255 3378 de
1268 3320 1401 3378 saforce.
1424 3340 1437 3372 3

582 3473 652 3537 Deo
663 3471 777 3535 autem
787 3465 974 3552 opponitur
983 3464 1092 3530 altera
1100 3483 1251 3550 persona
1259 3463 1598 3532 diabolus.Diaholus

537 3596 629 3682 opud
643 3596 767 3662 Nestor
784 3595 927 3677 apparet
943 3593 981 3656 ut
998 3591 1034 3655 in
1050 3588 1252 3674 scripturis:
1274 3608 1339 3655 nec
1356 3589 1398 3655 de
1416 3591 1493 3674 ejus
1517 3607 1598 3657 con-

539 3720 624 3788 siliis
639 3721 698 3785 aut
713 3715 847 3783 insidiis
863 3717 995 3780 tautum
1012 3713 1050 3779 fit
1068 3712 1278 3782 mentiosed
1290 3712 1365 3798 ipse
1380 3714 1467 3796 agit,
1482 3713 1597 3800 loqui-

540 3849 609 3925 tur,
628 3846 662 3910 31
676 3844 793 3926 partes
809 3857 890 3905 suas
904 3837 941 3904 in
956 3837 1101 3904 historia
1115 3841 1208 3905 13331
1221 3853 1228 3902 :

576 4037 589 4066 3
606 4010 755 4070 Vlodim'ir
773 4011 830 4064 3113
844 4007 858 4064 d
872 4009 950 4064 Kiev
965 4011 995 4063 et
1015 4007 1037 4062 il
1053 4005 1133 4062 offrit
1144 4007 1200 4064 des
1218 4005 1370 4064 sacrifices
1389 4022 1451 4064 eux
1464 4007 1595 4064 idoles...

536 4127 582 4181 133
596 4122 699 4180 hoiers
712 4117 814 4174 direni
826 4130 831 4170 :
843 4116 951 4171 Tirons
961 4128 1001 4170 eu
1012 4117 1076 4170 sort
1091 4129 1135 4170 un
1149 4115 1245 4185 jeune
1255 4113 1380 4170 homme
1392 4116 1422 4170 et
1431 4111 1598 4185 unejeune

538 4220 1066 4296 1111331331313313311333333313
1083 4223 1146 4280 sort
1163 4235 1231 4279 sere
1245 4220 1369 4279 immolo
1385 4235 1448 4278 eux
1467 4221 1597 4278 dieux...

573 4372 581 4401 ¹
602 4377 646 4427 Ps.
662 4374 794 4430 111133.

572 4459 581 4488 ²
604 4466 645 4513 ns.
662 4463 696 4519 V,
710 4468 730 4510 2.
794 4467 799 4482 ¹

574 4545 583 4576 ³
603 4558 642 4600 13,
659 4551 727 4610 LIV,
741 4569 765 4602 r.
782 4559 815 4602 11.
