3540 5666
926 641 963 654 ..
981 613 1015 668 30
1028 640 1064 654 ...

468 735 516 802 De
530 735 636 802 variis
653 736 873 821 opinionibus
900 755 1088 822 numquam
1121 736 1302 821 disputat¹,
1325 738 1387 803 scd
1415 738 1529 823 potis-

469 858 592 925 simam
617 860 725 942 eligit.
761 860 824 928 Vir
851 861 981 946 probus
1008 865 1062 928 est
1090 836 1286 946 quanquam
1301 879 1372 926 non
1392 859 1528 927 dicendi

466 985 610 1068 peritus
645 985 709 1061 Qui
739 985 775 1050 in
803 985 977 1052 chronicis
996 990 1159 1053 notantur
1178 1005 1315 1054 errores
1332 987 1431 1071 parvi
1448 989 1529 1052 sunt

467 1107 642 1194 ponderis.
675 1112 714 1176 In
743 1129 888 1177 nurnero
926 1127 1095 1178 annorum
1126 1112 1218 1196 quod
1245 1129 1265 1176 a
1288 1111 1464 1194 Buigariae
1483 1113 1529 1176 'et

468 1236 614 1303 Graeciae
643 1236 869 1323 imperatores
887 1241 1007 1306 attinet
1034 1237 1213 1323 aliquoties
1245 1242 1349 1304 errat.
1381 1238 1528 1320 Linguae

469 1378 599 1443 graecae
608 1361 753 1444 ignarus
769 1366 834 1444 est,
859 1363 951 1429 unde
979 1365 1017 1429 fit
1034 1366 1072 1428 ut
1093 1362 1227 1428 foedera
1251 1361 1528 1445 graeco-russica

468 1487 539 1550 tam
553 1485 700 1552 obscuro
717 1486 806 1570 stylo
822 1487 922 1554 nobis
933 1487 1123 1554 tradiderit.
1146 1485 1428 1552 Scandinavicam
1463 1485 1528 1552 lin-

469 1626 575 1691 guam
584 1610 751 1692 ignorar.
764 1611 825 1678 His
841 1614 974 1679 tantum
991 1611 1143 1696 exceptis
1155 1610 1298 1677 maculis
1313 1611 1380 1676 fide
1396 1609 1527 1692 dignis·

468 1732 576 1799 simus
600 1734 747 1801 videtur.
771 1737 857 1802 Cum
872 1736 1047 1803 chronicis
1063 1736 1170 1802 multa
1187 1735 1400 1802 concordant
1414 1734 1526 1801 docu-

467 1863 585 1926 menta
605 1860 760 1943 ejusdem
780 1859 834 1926 vel
860 1861 1043 1927 anterioris
1065 1861 1120 1926 vel
1142 1860 1344 1945 posterioris
1365 1859 1431 1926 aevi
1457 1873 1464 1924 :
1489 1862 1527 1926 ut

470 1984 561 2069 apud
574 1985 708 2050 Russos
724 1985 897 2051 slavonice
916 1985 1083 2070 scriptum
1096 1985 1322 2066 Evangelium
1344 1981 1525 2051 Ostromiri

468 2105 838 2195 (1096),testamentum
847 2109 1027 2178 Vladimiri
1044 2110 1261 2175 monomachi
1273 2112 1306 2174 et
1316 2109 1473 2192 ejusdem
1482 2108 1526 2174 ad

467 2229 615 2312 Olegum
637 2231 782 2315 epistola
807 2229 1038 2318 (1113-1125),
1060 2250 1185 2316 poema
1205 2231 1246 2297 de
1278 2231 1368 2298 bello
1392 2231 1519 2314 IgoriS,

466 2354 651 2437 etc.‚apud
662 2358 845 2422 extraneos
858 2355 1525 2440 constantinusPorphyrogenetes,Ey-

466 2478 695 2561 mundiSaga,
706 2481 774 2546 Leo
785 2480 1524 2565 Diaconus,LiutpranduS‚etc.Cumquibus

466 2603 598 2669 textum
615 2604 770 2672 Nestoris
781 2606 1020 2672 conferrenon
1030 2606 1113 2671 mihi
1128 2605 1164 2672 in
1179 2606 1293 2671 animo
1309 2609 1380 2672 est:
1393 2605 1522 2671 arduus

466 2729 559 2795 enim
572 2712 629 2795 ilie
642 2730 740 2796 labor
758 2749 828 2796 non
847 2731 882 2797 in
904 2732 1050 2814 hujusce
1075 2732 1167 2797 modi
1191 2731 1358 2816 opusculo
1382 2735 1525 2798 tentan-

465 2855 542 2922 dus.
561 2859 646 2933 Quae
660 2857 767 2923 refert
782 2856 823 2922 de
837 2854 979 2922 cometis
991 2859 1050 2921 aut
1064 2856 1146 2922 solis
1158 2855 1410 2923 deiectionibus
1425 2855 1522 2922 tabu-

461 2979 506 3046 lae
515 2981 1032 3054 testanturastronomicae.N0n
1042 2981 1214 3047 immerito
1225 2980 1333 3063 igitur
1345 2981 1456 3048 dictus
1466 2982 1519 3047 est

463 3108 561 3189 pater
584 3106 729 3171 russicae
750 3106 918 3172 historiae.
947 3109 1118 3182 Quantum
1133 3106 1305 3173 valuerint
1323 3108 1413 3192 apud
1428 3112 1521 3176 vete·

462 3247 520 3293 res
535 3229 668 3294 Russos
686 3228 850 3294 chronica
864 3229 1022 3312 judicare
1037 3233 1135 3313 potes
1150 3249 1169 3296 e
1187 3249 1331 3296 numero
1350 3232 1522 3316 exempla-

463 3350 555 3416 rium
569 3370 647 3435 quae
662 3353 773 3417 adhuc
789 3329 1098 3420 exstanthnnaies
1116 3353 1372 3438 praecipuarum
1384 3356 1522 3422 urbium

462 3477 517 3544 vel
541 3478 738 3560 regionum,
761 3478 1008 3558 Pskovienses,
1025 3477 1366 3560 Novogorodienses,
1385 3479 1522 3563 Volhy-

463 3603 601 3670 nienses
619 3603 655 3668 in
670 3603 831 3670 omnibus
851 3601 1028 3670 codicibus
1045 3603 1217 3668 antecedit
1227 3603 1362 3668 Nestor.
1373 3603 1403 3667 A
1414 3603 1522 3687 scrip·

461 3731 595 3798 toribus
612 3732 724 3798 russis
739 3715 884 3798 vocitari
908 3731 995 3797 solet
1012 3727 1230 3796 noczalnoio
1247 3727 1387 3821 ietopis,
1409 3731 1444 3798 id
1469 3736 1522 3799 est

455 3852 666 3946 princepale
677 3852 884 3923 chronicon.

499 4033 508 4063 ¹
528 4035 612 4089 Semel
628 4047 723 4089 tentum
742 4039 840 4090 deloco
858 4040 901 4090 ubi
919 4039 966 4089 fuit
981 4039 1118 4106 baptizatus
1131 4038 1285 4088 Vladimirus
1304 4046 1354 4088 tres
1370 4038 1444 4089 refert
1462 4041 1521 4106 opi-

462 4129 558 4178 niones.

496 4211 506 4240 ¹
524 4217 564 4266 Ex
577 4233 636 4267 voce
648 4219 820 4268 scandinavioa
833 4215 933 4284 Oskyld
945 4219 1090 4284 peregrinus
1103 4210 1212 4283 (Oskyld
1224 4215 1279 4278 nir,
1294 4218 1440 4284 peregrinus
1455 4207 1520 4280 Dir).

461 4313 557 4356 creatus
569 4315 607 4356 est
617 4322 660 4366 1911
674 4307 774 4374 quidam
788 4305 885 4357 Oskold
898 4322 970 4373 quem
983 4306 1074 4356 Nestor
1087 4314 1115 4356 ut
1127 4321 1256 4372 personam
1268 4305 1409 4355 historicum
1422 4306 1519 4372 accipit.

463 4395 533 4444 Patet
547 4404 627 4445 autern
640 4413 671 4446 ex
683 4375 785 4448 arabicis
795 4397 948 4446 documentis
957 4412 1034 4445 unum
1045 4396 1169 4446 exstitisse
1178 4395 1223 4444 Dir
1235 4417 1240 4445 :
1252 4411 1296 4445 nec
1309 4393 1418 4461 Oekyidi
1431 4395 1456 4444 iit
1468 4394 1519 4444 ulla

461 4483 561 4532 mentio.
