3540 5666
677 636 820 691 *⁴3-

223 797 446 866 Vszesiavum
455 797 637 881 quemdam
648 799 768 864 natum
778 815 856 866 esse
870 799 980 884 capite
992 798 1119 866 afflicto
1129 799 1277 868 naturali

224 921 373 1008 quodam
386 920 541 987 vulnere.
551 919 686 988 Vulnus
700 921 799 1012 illud,
815 922 874 1003 ait,
892 939 1002 1007 usque
1017 922 1060 988 ad
1073 921 1278 990 hodiernum

225 1045 315 1114 diem
332 1046 433 1129 gerit.
446 1043 652 1112 Vszesiavus
669 1048 796 1127 autem,
815 1049 902 1114 teste
917 1047 992 1132 ipso
1010 1047 1168 1127 Nestore,
1186 1065 1278 1114 anno

225 1171 309 1238 1101
330 1174 487 1237 mortuus
510 1175 574 1238 est.
594 1172 642 1237 De
658 1172 844 1239 Vszeslavo
868 1164 977 1254 igitur
1001 1175 1081 1238 ante
1097 1171 1189 1238 hunc
1213 1189 1280 1238 an—
1371 1184 1374 1189 ·

226 1313 311 1362 num
326 1293 527 1382 scripserat.
550 1295 657 1361 Recte
676 1298 794 1361 censet
811 1295 925 1363 Erben
943 1295 1040 1361 illum
1065 1294 1139 1362 sine
1159 1293 1279 1361 ordine

228 1419 392 1506 quidquid
407 1419 573 1486 memoria
590 1419 736 1503 dignum
753 1419 966 1487 existimaret
987 1418 1117 1486 chartis
1135 1417 1275 1486 manda·
1337 1421 1339 1426 '

227 1541 337 1624 visse,
353 1543 416 1610 suh
434 1543 503 1608 fine
520 1544 636 1608 autem
651 1543 733 1609 vitoe
753 1561 891 1610 omnem
908 1543 1152 1610 chronicorum
1174 1543 1281 1608 mate-

227 1667 315 1736 riam
338 1667 382 1734 ad
401 1685 559 1734 annorun
573 1667 729 1734 ordinem
744 1667 935 1750 redegisse.

279 2706 375 2776 Unde
402 2706 526 2774 Nestor
550 2689 732 2774 'annalium
764 2705 945 2772 materiam
981 2709 1165 2792 sumpserit
1195 2725 1287 2774 nunc

236 2831 425 2899 videamus.

282 2956 410 3037 Magna
428 2972 509 3040 pars
531 2956 583 3020 est
603 2972 721 3020 rerum
746 2955 847 3038 cujus
862 2954 935 3039 ipse
950 2954 1191 3021 Nestortestis
1213 2954 1291 3035 fuit,

239 3079 282 3146 ab
295 3095 385 3145 anno
404 3096 527 3164 nempe
545 3078 632 3144 1073
649 3089 716 3163 quo
733 3078 769 3144 in
783 3076 1030 3144 monasterium
1046 3069 1227 3160 ingressus
1242 3081 1295 3145 est

239 3221 349 3288 usque
361 3202 406 3269 ad
416 3220 545 3268 annum
557 3202 655 3268 1113.
668 3189 752 3278 Quae
760 3201 817 3268 illo
824 3201 989 3288 temporis
998 3201 1180 3269 intervallo
1187 3200 1295 3290 scrip·

241 3326 297 3406 sit,
307 3325 364 3392 vel
370 3325 443 3412 ipse
450 3325 597 3406 viderat,
604 3325 660 3392 vel
673 3326 715 3393 ab
724 3326 926 3411 aequalibus,
935 3325 1070 3393 Kioviae
1081 3326 1226 3408 civibus
1237 3329 1296 3393 aut

243 3449 386 3517 advenis
395 3449 586 3517 audiverat.
603 3449 759 3535 Exempli
774 3451 900 3534 gratia,
909 3451 953 3517 ad
965 3454 1068 3536 eaput
1083 3451 1295 3530 CLXXXIV,

243 3590 285 3639 ea
307 3572 415 3640 refert
430 3590 507 3658 quae
530 3591 552 3638 a
572 3571 647 3639 cive
665 3573 1135 3665 quodam-Novogcrodiensi
1155 3570 1298 3660 (Kurata

242 3697 923 3785 Β08011101)(1101111111.1111111111111111074
939 3699 1146 3765 monachum
1163 3715 1299 3765 monas-
1324 3713 1325 3716 ¹
1449 3669 1459 3714 ·’

244 3821 323 3888 terii
353 3820 406 3888 sui
429 3822 585 3890 nominat
601 3823 659 3908 qui
681 3824 793 3891 adhuc
825 3823 1072 3891 recordabatur
1094 3821 1229 3890 Russiae
1255 3821 1300 3889 ad
1440 3835 1443 3842 ·

190 3945 202 3962 “
245 3943 468 4012 christianam
488 3945 592 4013 fidem
610 3965 788 4014 conversae
801 3940 821 4013 ¹.
847 3946 900 4014 Ad
921 3965 1051 4014 annum
1073 3945 1160 4012 1104
1181 3962 1300 4011 senem

178 4165 180 4170 ,
245 4067 428 4156 quemdam
460 4072 629 4136 memorat
660 4073 763 4137 aetate
792 4074 996 4160 provectum
1023 4088 1044 4136 a
1071 4087 1139 4156 quo
1169 4067 1302 4154 accepit

136 4252 146 4273 ,
245 4190 1302 4279 mmtaquaechartisdeindemandavit¹.MonachiKiovienses

285 4423 295 4457 ¹
310 4428 374 4506 Cep.
387 4417 509 4486 LXVIII.

284 4507 296 4544 ’
311 4518 374 4587 Cap.
390 4519 538 4574 LXXXVI.
