3540 5666
987 719 1023 731 ..
1041 691 1074 746 30
1092 719 1128 731 ..

440 833 445 843 ·
532 813 699 884 1116316666
715 813 919 907 deprompti
933 835 953 882 e
966 811 1202 906 scriptoribus
1219 812 1364 904 praecis.
1384 816 1418 881 2⁰
1433 812 1592 882 Nortim

529 938 685 1033 proprio
699 937 878 1009 semidiem
892 938 1059 1032 crepidis,
1077 943 1112 1009 3⁰
1126 938 1235 1008 Notoe
1248 936 1397 1036 criticae.

577 1069 668 1134 Huic
694 1067 837 1136 editioni
868 1066 1127 1137 translationem
1156 1065 1297 1132 latinam
1323 1069 1356 1134 et
1385 1066 1593 1152 glossarium

535 1191 752 1274 subiungere
781 1191 955 1276 pollicitus
984 1194 1058 1258 eret
1075 1190 1299 1272 millosicn3
1345 1193 1489 1257 octavus
1522 1191 1594 1275 jam

537 1316 670 1383 effluxit
685 1334 810 1397 annue,
822 1335 888 1383 nec
902 1315 1059 1402 implevit
1069 1316 1363 1402 promissa;·quod
1378 1315 1533 1401 quidem,
1549 1314 1597 1382 in-

537 1461 652 1524 genue
677 1443 824 1522 fatebor,
851 1461 922 1510 non
945 1443 1067 1524 dole03
1092 1441 1320 1508 translatione
1352 1441 1446 1512 euim
1472 1440 1592 1540 latina,

537 1567 672 1649 gallicae
685 1565 920 1634 translationis
939 1566 1051 1635 omnis
1064 1566 1176 1633 honor
1191 1567 1392 1635 tolleretur:
1412 1569 1464 1632 est
1478 1570 1593 1633 autem

535 1688 757 1758 illustrissimi
777 1689 882 1773 hujus
905 1689 1123 1772 grammatici
1147 1689 1320 1776 promissa
1339 1689 1424 1754 dare
1447 1691 1481 1754 et
1507 1687 1598 1758 ohli-

536 1814 641 1880 visci:
676 1813 786 1882 dunis
821 1814 1033 1895 1862-1865,
1064 1814 1170 1884 edidit
1195 1815 1411 1894 Vindohouee
1447 1812 1597 1882 Leuioon
1660 1818 1664 1824 '

534 1935 1190 2029 polteo«slooeoico-procco-lotioom;
1206 1940 1244 2008 in
1262 1937 1473 2026 prosint-ione
1483 1963 1485 1966 ·
1496 1937 1598 2024 primi

537 2061 722 2128 voluminis
736 2063 864 2148 scripta
877 2063 1060 2130 decembre
1075 2064 1176 2145 1861,
1190 2063 1372 2149 pollicetur
1388 2082 1425 2129 se
1436 2063 1479 2128 de
1496 2063 1599 2148 hujus

539 2187 654 2274 operis
687 2188 830 2256 consilio
852 2193 887 2256 et
910 2189 1258 2286 lontibuscopiosius
1275 2189 1470 2256 locuturum
1504 2200 1601 2255 esse:

539 2312 769 2398 quodquidem
782 2313 1030 2396 necessarium;
1040 2313 1077 2380 in
1090 2313 1229 2399 epilogo
1247 2312 1371 2392 martio
1387 2330 1505 2380 mense
1517 2311 1603 2378 1865

545 2437 648 2519 edito,
667 2437 786 2508 scribit
812 2457 856 2512 ¹se
873 2457 935 2504 suo
950 2441 1114 2526 tempore
1132 2435 1177 2506 de
1203 2435 1261 2508 tis
1280 2434 1387 2518 rebus
1408 2437 1604 2524 disputatu-

542 2578 641 2631 rum:
660 2567 796 2650 tcmpus
813 2564 1233 2634 illudnondumedvenit.
1321 2637 1324 2642 ,
1379 2583 1395 2618 ,-

585 2691 625 2756 In
636 2690 700 2756 hac
716 2689 866 2756 editione
877 2691 962 2773 jure.
972 2689 1106 2758 laudari
1120 2693 1234 2776 potest
1246 2689 1484 2775 cyrillicorum
1499 2693 1604 2776 typo—

542 2834 620 2882 rum
633 2814 866 2901 pulchritudo

585 2939 620 3006 6⁰
633 2940 771 3025 Latopis
799 2941 945 3008 Nestora
968 2930 1075 3012 edidit
1094 2941 1316 3023 Kotkowskl,
1340 2942 1475 3010 Kioviee
1505 2941 1602 3010 1862.

542 3064 789 3133 Laurentinum
803 3065 958 3136 codicem
967 3071 1106 3136 secutus
1115 3071 1175 3136 est
1184 3066 1275 3152 typis
1288 3067 1404 3139 latinis
1419 3044 1609 3151 transcrip-

544 3193 617 3256 tum
628 3207 638 3272 ;
657 3208 727 3256 nou
749 3191 883 3257 excedit
898 3211 1026 3259 annum
1044 3193 1110 3259 980
1128 3206 1135 3256 :
1156 3192 1331 3278 specimen
1343 3194 1539 3271 tantum,ut
1563 3189 1610 3256 ait

545 3317 678 3395 auctor,
694 3315 754 3381 sed
770 3315 870 3400 parvi
884 3317 1062 3383 momenti.

590 3439 625 3505 7⁰
643 3440 748 3526 Apud
770 3441 970 3546 Bielowski,
989 3443 1211 3509 Monumenta
1235 3441 1390 3509 Polouiee
1418 3437 1606 3509 historica:

546 3561 705 3629 Pomniki
717 3565 886 3650 Duiejowe
904 3566 1034 3634 Polski.
1050 3568 1169 3632 Lwow
1181 3563 1341 3654 (Leopoli)
1359 3566 1458 3658 1861,
1474 3569 1556 3658 tom.
1576 3569 1607 3647 1,
1723 3549 1724 3556 ἵ

544 3685 724 3770 Augustus
754 3659 941 3757 Bielowski
967 3690 1001 3756 in
1018 3691 1160 3773 delicia,
1179 3709 1271 3760 anno
1285 3691 1498 3772 redonatus,
1517 3690 1609 3758 inter

542 3819 663 3902 poetas
684 3821 718 3883 et
739 3820 924 3907 scriptores
950 3820 1106 3888 historice
1124 3821 1295 3909 polonicae
1320 3811 1486 3906 optimum
1512 3824 1609 3887 tenet

540 3941 667 4016 locum.
683 3944 784 4015 Anno
800 3947 886 4014 1850
897 3933 1005 4014 edidit
1013 3931 1112 4017 suum
1126 3942 1428 4030 introductionem
1443 3943 1607 4014 criticam

541 4065 577 4131 in
595 4064 778 4132 historiam·
791 4069 945 4137 Polouieo
961 4086 983 4154 1,
996 4090 1084 4158 opus
1101 4072 1270 4138 immensa
1288 4071 1444 4152 audacia,
1457 4091 1522 4138 nec
1537 4089 1608 4137 non
1722 4131 1723 4134 ,

541 4193 640 4257 vasta
654 4192 847 4260 eruditione
863 4195 1025 4282 insigne:
1045 4196 1218 4283 posterius
1235 4213 1363 4263 novam
1379 4195 1514 4262 curavit
1525 4196 1603 4262 edi-

542 4310 670 4382 tionem
701 4317 820 4400 magni
852 4319 1064 4390 vocabularii
1104 4319 1268 4407 polonici,
1301 4322 1443 4388 auctore
1473 4319 1582 4386 Linde
1593 4337 1603 4402 ,·

542 4435 668 4504 multos
694 4445 804 4508 annos
831 4441 999 4529 impendit
1030 4444 1271 4532 praeparandas
1297 4446 1601 4510 monumentorum

643 4541 647 4566 ,
672 4539 675 4548 .
855 4541 856 4544 ,
1214 4544 1220 4557 .

578 4603 584 4634 ¹
604 4597 695 4668 Wstep
714 4602 854 4672 lrytyczny
872 4607 903 4658 do
919 4608 1029 4673 Dziejou·
1046 4607 1142 4658 Polski·
1231 4643 1233 4653 ·
