3564 5668
957 663 1100 727 -tkq-

506 812 571 880 etsi
583 817 681 904 extra
696 815 861 883 mundum
874 816 1032 882 viventes
1044 833 1114 882 non
1130 819 1244 883 tamen
1260 817 1335 884 sine
1350 816 1556 884 commercio

507 955 586 1003 cum
610 936 668 1004 illo
696 939 824 1006 mundo
851 943 960 1008 erant.
988 941 1086 1007 Teste
1111 941 1186 1027 ipso
1209 941 1366 1023 Nestore,
1396 941 1558 1028 princeps

507 1058 592 1125 nihil
608 1060 727 1142 magni
740 1062 1010 1144 aggrediebatur
1019 1062 1102 1148 quin
1114 1063 1158 1128 ad
1167 1063 1413 1130 monasterium
1424 1063 1560 1131 veniret

509 1182 698 1265 hegumeni
726 1186 869 1252 consilia
898 1189 932 1252 et
956 1187 1231 1254 benedictionem
1255 1189 1492 1273 quaesiturus:
1519 1207 1558 1254 re

510 1310 624 1375 autem
646 1308 812 1393 perfecta,
839 1311 882 1377 ad
904 1311 1149 1378 monasterium
1171 1311 1318 1393 redibat,
1342 1313 1458 1397 ibique
1490 1313 1560 1378 Deo

511 1430 641 1512 gratias
655 1423 792 1514 agebat.
804 1433 968 1520 Princeps
977 1434 1169 1502 litterarum
1182 1453 1315 1517 amans,
1326 1439 1364 1503 ut
1375 1435 1433 1502 ille
1448 1453 1467 1501 a
1482 1436 1561 1502 Nes-

511 1559 585 1622 tore
597 1557 756 1625 laudatus
768 1559 975 1640 Iaroslavus‚
991 1559 1109 1627 forsan
1123 1564 1157 1627 et
1171 1561 1244 1646 ipse
1260 1560 1438 1628 monachis
1450 1562 1563 1627 mate-

474 1663 479 1672 ’
512 1681 599 1747 riam
612 1683 785 1750 scribendi
794 1683 1307 1770 libenterpraebehat.Videmus
1321 1687 1356 1752 et
1374 1683 1563 1752 monachos

512 1807 708 1893 principum
719 1809 929 1876 russicorum
940 1809 1081 1892 negotia
1091 1811 1252 1892 gessisse.
1268 1809 1426 1876 Monachi
1443 1825 1564 1895 pecza·

514 1931 647 1997 rienses
667 1933 758 2017 apud
779 1932 953 2018 principes
967 1936 1002 1999 et
1018 1933 1368 2001 boiarosKiovienses
1379 1931 1417 1999 in
1431 1948 1565 1999 summo

514 2054 646 2121 honore
658 2058 756 2121 erant
771 2070 778 2120 :
794 2057 1042 2124 monasterium
1057 2057 1277 2143 peczariense
1292 2075 1362 2123 non
1376 2055 1565 2142 patriarchi

515 2179 576 2246 sed
595 2179 759 2266 principis
769 2180 1002 2264 jurisdictioni
1019 2182 1174 2267 parebat.
1192 2180 1284 2248 Nihil
1298 2180 1391 2248 dubii
1408 2182 1460 2246 est
1480 2179 1565 2264 quin

514 2321 597 2369 usus
611 2303 655 2370 sit
668 2322 803 2389 quoque
820 2305 1014 2390 proverbiis
1028 2305 1084 2372 vel
1101 2304 1224 2374 fabulis
1238 2306 1295 2372 vel
1315 2304 1472 2372 cantibus
1488 2321 1566 2388 quae

516 2426 619 2494 etiam
634 2431 715 2494 tunc
728 2428 765 2495 in
777 2447 837 2494 ore
852 2429 1005 2495 omnium
1014 2431 1241 2499 versabmrtur
1254 2448 1275 2498 ¹.
1294 2429 1474 2497 Neminem
1485 2428 1568 2495 latet

516 2553 678 2634 quantam
691 2551 763 2616 vim
777 2555 812 2617 et
833 2552 1000 2618 tenaciam
1023 2553 1114 2638 apud
1134 2553 1280 2620 slavicos
1304 2557 1428 2637 gentes
1442 2553 1568 2621 habeat

517 2678 637 2741 cantus
651 2674 837 2760 popularis.
857 2675 965 2742 Hodie
979 2676 1090 2743 adhuc
1106 2676 1142 2744 in
1159 2676 1282 2742 Russia
1303 2678 1440 2742 exstant
1454 2675 1569 2748 canti-

517 2796 606 2864 lenae
628 2797 665 2863 in
687 2797 810 2883 quibus
831 2817 1048 2884 paganorum
1069 2799 1181 2866 aetatis
1200 2799 1351 2882 vestigia
1368 2797 1526 2866 invenias
1543 2802 1565 2864 ¹.

517 2919 1568 3013 Vocanturbylioae,idestfahulosaenarrationes3gensautem

517 3048 665 3114 ruthena
681 3047 752 3113 sive
769 3048 1007 3116 malo-russica
1027 3049 1086 3117 ubi
1108 3049 1230 3115 Kiovia
1246 3048 1382 3116 condita
1397 3052 1450 3115 est
1462 3049 1568 3131 longe

519 3175 598 3238 ante
621 3172 705 3239 abas
738 3173 808 3239 suis
845 3173 1026 3239 cantilenis
1064 3172 1248 3240 eminebat.
1293 3173 1344 3239 Ex
1380 3190 1422 3239 ea
1455 3171 1570 3258 prisca

518 3296 620 3362 aetate
635 3299 792 3380 superest
806 3296 905 3364 nobis
921 3297 1065 3379 longum
1078 3313 1202 3380 poema
1217 3296 1272 3362 cui
1286 3313 1413 3390 nomen
1424 3293 1569 3360 inditum

520 3403 729 3483 est:Bellum
739 3417 882 3500 Igoris².
892 3418 1115 3487 Recentiores
1128 3422 1242 3484 autem
1252 3418 1570 3486 habemusCosaco·

520 3559 597 3606 rum
615 3545 735 3607 cantus
745 3541 802 3626 qui
817 3561 937 3608 eorum
949 3536 1181 3626 linguadomi
1194 3545 1382 3608 vocantur⁸
1399 3544 1435 3607 et
1448 3539 1571 3625 quibus

521 3683 586 3731 nec
595 3665 761 3747 gravitas,
774 3684 838 3731 nec
854 3668 1016 3732 venustas
1025 3659 1131 3731 deestss
1145 3664 1331 3731 Cantilenae
1340 3681 1424 3729 vero
1434 3662 1572 3748 slavicae

557 3827 564 3857 ¹
584 3831 632 3883 Ex.
647 3841 710 3900 grat.
726 3830 787 3900 Cup.
802 3833 899 3884 XLVI.

555 3915 565 3945 ¹
583 3922 621 3970 De
639 3929 725 3971 cantus
735 3921 860 3988 popularis
882 3938 935 3978 usu
949 3921 1014 3988 apud
1040 3916 1170 3972 Nestorem
1189 3920 1306 3970 disseruit
1322 3915 1439 3969 Saffarik.
1473 3914 1571 3970 &aaa

519 3989 692 4058 Antiquitates.
717 3991 799 4041 Editio
813 3992 983 4051 Bentkowski,
994 4010 1020 4058 p.
1036 3998 1075 4042 311
1089 4009 1127 4060 sq.
1141 3991 1211 4041 Tom.
1232 3995 1253 4039 1.
1265 3989 1408 4057 Pogodinus
1421 3991 1447 4038 in
1456 3993 1509 4054 jam
1522 4003 1572 4036 no-

521 4064 612 4114 minata
627 4064 805 4113 dissertatione.

498 4141 501 4148 ’
560 4143 570 4176 ⁸
592 4149 688 4201 Gallice
704 4151 858 4208 translatum,
878 4168 919 4209 sp.
941 4149 1070 4209 Eichhoff,
1089 4147 1198 4201 Hessos
1215 4151 1254 4202 des
1273 4149 1421 4200 litteraturas
1441 4148 1533 4208 slaves,
1550 4153 1574 4196 et

521 4223 683 4274 Michiewicz.
696 4221 742 4274 Les
754 4220 843 4283 slave,
855 4230 914 4272 tom.
928 4222 950 4271 1.
959 4221 1059 4288 Optima
1074 4223 1147 4272 editio
1157 4221 1257 4288 vulgate
1266 4227 1312 4278 est.
1326 4227 1427 4270 curante
1437 4219 1574 4286 professore

522 4293 635 4344 Hattale.
650 4293 746 4360 Preger,
760 4298 822 4343 1857.

558 4372 569 4406 ⁸
587 4379 686 4432 Collecti
696 4397 712 4432 a
724 4378 899 4432 Maoimomiee.
911 4379 1041 4442 Moskwoe.
1055 4385 1117 4432 teto.

524 4449 652 4588 8333}
667 4454 806 4571 [ξὲἷιέιιηίοα
821 4451 948 4502 hebetatio
961 4474 966 4500 ι
981 4451 1030 4501 Dis
1042 4449 1167 4517 postischs
1179 4448 1289 4508 Ukrsipe'
1302 4454 1351 4502 ion
1364 4448 1523 4507 Bcdenstedt.
1539 4471 1575 4482 -
