3540 5666
693 674 730 686 ..
747 647 775 700 34
801 674 837 687 ..

281 771 357 838 Non
375 769 412 836 in
426 770 553 838 Russia
567 776 713 853 tantum,
734 774 795 842 scd
813 774 849 840 in
874 773 988 840 vicina
1006 794 1141 860 quoque
1154 777 1297 846 Polonia

236 913 366 978 magna
381 896 446 963 luit
456 898 611 966 Nestoris
625 899 825 966 auctoritas.
845 899 992 966 Illustris
1017 919 1134 968 rerum
1153 902 1297 972 Poloni-

235 1039 356 1087 carum
367 1021 516 1106 scriptor
526 1022 705 1104 Longinus
712 1024 786 1107 jam
796 1026 898 1090 aetate
907 1027 1092 1108 provectus
1102 1024 1296 1094 slavonicas

234 1145 367 1213 litteras
382 1145 499 1214 didicit
513 1150 551 1213 ut
571 1147 750 1213 Nestorem
776 1146 894 1229 legere
919 1152 1050 1232 posset,
1076 1166 1184 1232 eoque
1202 1167 1296 1237 saepe

234 1291 319 1340 usus
328 1276 408 1337 est¹.
422 1270 566 1337 Multum
584 1271 720 1338 Nestori
734 1248 927 1338 debuerunt
944 1271 1001 1336 alii
1018 1271 1167 1357 polonici
1181 1274 1296 1361 scrip-

235 1402 327 1464 tores
338 1400 375 1462 ut
389 1394 531 1476 Bielski,
543 1395 769 1480 Kulczynski,
779 1398 844 1462 etc.
859 1396 992 1463 Scimus
1003 1397 1094 1481 apud
1102 1398 1293 1466 Germanos

233 1518 440 1586 Leibnitium
455 1537 590 1603 quoque
608 1518 650 1584 de
674 1519 819 1586 Nestore
837 1521 872 1584 et
888 1519 965 1602 ejus
984 1518 1166 1586 annalibus
1190 1521 1293 1588 audi-

233 1642 325 1708 visse
353 1641 512 1726 ’easque
547 1642 797 1726 comparandas
826 1641 1016 1708 curavisse.
1046 1643 1178 1709 Saeculo
1211 1647 1293 1712 tan-

233 1769 306 1832 tum
330 1768 441 1834 XVIII
472 1769 593 1832 noster
624 1770 746 1833 auctor
774 1766 810 1832 in
837 1766 950 1832 lucem
983 1766 1121 1851 prodiit.

716 2001 806 2084 §iv

276 2201 349 2274 Qua
363 2199 485 2281 lingua
497 2215 582 2264 usus
604 2197 648 2264 sit
675 2197 800 2263 Nestor
825 2213 896 2264 non
918 2197 1039 2266 inutile
1060 2203 1114 2266 est
1133 2200 1290 2280 definire,

232 2327 303 2389 tres
329 2322 421 2389 enim
444 2322 561 2407 populi
591 2321 688 2388 illum
718 2321 783 2389 sibi
813 2322 970 2389 certatim
1001 2323 1289 2392 vindicaverunt:

230 2451 351 2518 Poloni
369 2448 392 2532 ⁸,
408 2449 559 2519 Rutbeni
589 2454 623 2518 et
644 2451 761 2517 Russi.
786 2451 865 2531 Sed,
882 2454 919 2517 ut
943 2470 1080 2518 omnem
1104 2455 1292 2522 verborum

231 2577 484 2644 cavillationem
511 2576 674 2656 vitemus,
717 2576 818 2660 plane
853 2576 1104 2644 declarabimus
1136 2578 1290 2646 Nestoris

230 2703 332 2768 aetate
356 2698 469 2766 nullas
495 2699 603 2766 fuisse
620 2695 775 2789 proprie
797 2698 998 2784 polonicas,
1035 2701 1187 2767 russicas
1218 2701 1291 2769 sive

229 2823 428 2894 ruthenieas
441 2821 586 2888 litteras.
603 2821 723 2888 Poloni
734 2821 826 2887 enim
840 2821 944 2887 latine
957 2821 1153 2889 scribebant
1159 2839 1169 2905 ;
1185 2823 1291 2890 Russi

234 2951 348 3015 autern
370 2949 405 3014 et
419 2945 584 3027 Rutheni‚
604 2945 760 3013 nundum
775 2945 866 3011 iuter
882 2962 934 3023 se,
954 2947 993 3008 ut
1009 2947 1107 3027 puto,
1123 2943 1290 3026 distincti,

231 3073 354 3156 hngua
379 3072 555 3139 slavonica
577 3070 810 3137 ecclesiastica
839 3070 1038 3150 utebantur,
1059 3069 1197 3152 vulgari
1225 3088 1292 3139 ue-

233 3199 356 3282 glecta.

275 3324 411 3406 Lingua
428 3321 584 3404 vulgaris
601 3338 672 3386 uon
694 3321 774 3384 ante
790 3317 956 3384 saeculum
970 3317 1082 3385 XVIII
1104 3335 1125 3384 a
1141 3319 1292 3406 scripto-

231 3447 327 3515 ribus
348 3445 489 3514 russicis
507 3449 566 3512 aut
581 3442 769 3511 ruthenicis
791 3443 882 3510 culta
895 3442 961 3510 fuit
974 3439 997 3509 ⁴.
1014 3443 1135 3510 Poloni
1153 3444 1290 3529 quidem

232 3572 443 3640 contendunt
457 3571 637 3636 Nestorem
651 3567 819 3634 Polanum
834 3584 924 3646 esse,
936 3565 1097 3651 polanam
1105 3585 1190 3634 vero
1205 3585 1291 3650 gen·

232 3701 300 3764 tem
321 3695 477 3762 eamdem
503 3694 610 3760 fuisse
637 3710 677 3758 ac
703 3690 910 3777 polonicam.
937 3690 986 3754 De
1008 3689 1074 3755 bac
1098 3689 1289 3773 quaestione

266 3891 275 3921 ¹
293 3897 424 3963 Longinus
436 3896 489 3946 sive
501 3894 613 3959 Dlugosz
629 3886 718 3959 (dlugy
727 3890 838 3958 polonico
851 3890 961 3956 longus),
972 3889 1144 3942 celeberrimus
1152 3906 1234 3942 rerum
1244 3907 1289 3958 po·

230 3986 364 4035 Ionicarum
376 3986 487 4050 scriptor.
506 3980 603 4033 Saeculo
619 3980 684 4031 XIV
695 3980 803 4030 vivebat.

265 4073 371 4124 Textum
387 4073 500 4124 Nestoris
515 4087 566 4121 nori
580 4085 675 4136 semper
688 4069 751 4120 bene
764 4069 825 4136 legit
845 4069 974 4136 Longinus
996 4076 1025 4119 ut
1036 4071 1212 4122 demonstravit
1222 4070 1290 4121 Kar-

229 4163 312 4214 lowicz
330 4165 357 4212 in
372 4159 503 4228 opusculo;
522 4159 667 4218 Questiooea
684 4158 791 4208 historie
801 4157 920 4222 polonice
935 4160 1015 4209 seculi
1030 4156 1076 4208 XI.
1092 4158 1210 4218 Berolini‚
1228 4163 1288 4208 18⁶⁶.

262 4248 273 4278 ¹
292 4251 397 4304 Journal
409 4251 448 4300 des
464 4247 574 4310 savants,
587 4248 638 4298 loco
651 4249 732 4297 citato.

264 4336 275 4367 ³
292 4339 545 4406 VidoVyszniewslri‚
557 4337 742 4394 Banoszewiez,
755 4359 787 4368 —
799 4333 930 4401 Historpja
946 4337 1086 4402 litteratary
1098 4335 1218 4402 Polrliej.

264 4425 275 4456 ⁶
293 4431 403 4483 Rutheni
416 4432 468 4478 sive
480 4426 643 4483 Malo-Russi
660 4441 763 4488 quorum
774 4433 848 4490 caput
861 4434 911 4475 crat
921 4425 1019 4475 Kiovia.
1033 4423 1110 4475 Russi
1127 4432 1169 4474 aut
1184 4424 1288 4476 Valilm·

229 4521 307 4572 Russi
318 4533 422 4586 quorum
433 4525 506 4583 caput
522 4514 637 4565 Moslrra.
