3540 5666
687 686 829 740 ...15-

78 835 128 973 ἶ
226 885 314 954 quas
328 868 475 936 noverat
501 865 625 930 Nestor
644 864 769 932 fabulis
791 865 1040 934 scandinavicis
1053 862 1061 892 ¹
1076 868 1151 952 jam
1168 867 1285 935 mixtae

226 991 506 1060 essedebebant:
522 988 671 1075 exempli
686 989 811 1072 gratia,
826 1008 903 1075 quae
914 990 957 1056 de
972 991 1072 1074 Olegi
1086 1009 1174 1078 equo
1189 991 1287 1058 iabu-

227 1117 325 1184 losa⁸
343 1113 400 1181 vel
414 1113 457 1181 de
471 1113 668 1199 passeribus
679 1113 845 1180 adversus
858 1114 973 1181 hostes
996 1116 1039 1184 ab
1054 1115 1143 1199 Olga
1157 1110 1289 1186 missis⁸

93 1251 101 1258 “
229 1244 384 1320 enarrat,
402 1238 494 1325 apud
506 1237 739 1304 Scandinavos
752 1237 976 1306 inveniuntur
984 1253 1007 1306 ⁸.
1021 1240 1159 1308 Abistis
1182 1243 1289 1310 canti·

229 1365 332 1444 lenia,
346 1365 470 1431 Nestor
484 1367 603 1448 utpote
616 1363 807 1428 monachus
828 1363 1017 1430 abhorrere
1033 1335 1198 1448 debebat;
1230 1385 1290 1432 eas

25 1477 43 1506 ’·
64 1465 97 1509 ’“”
230 1492 350 1556 tamen
365 1487 493 1573 saepius
504 1487 541 1552 in
552 1487 788 1554 narrationem
813 1505 910 1554 suam
926 1488 983 1555 vel
997 1463 1127 1556 inscius
1145 1491 1287 1576 recepit.

275 1612 328 1678 Ad
354 1615 576 1679 monumenta
598 1611 777 1679 hominnm
800 1631 905 1679 mann
934 1612 1103 1680 aedificata
1141 1615 1290 1682 recurrit

22 1720 55 1763 ‘²'
85 1722 96 1764 ³
229 1736 381 1804 libenter
394 1737 519 1802 Nestor
526 1735 730 1820 ;sepulchra
744 1736 836 1801 enim
849 1739 883 1802 et
897 1735 1022 1822 templa
1031 1737 1183 1823 aliasque
1196 1740 1291 1806 aedes

233 1863 390 1945 tempore
404 1877 468 1926 sno
482 1863 620 1926 servata
635 1856 821 1941 diligenter
834 1861 1032 1926 memorat⁸.

280 1985 366 2052 Snnt
382 1983 485 2050 etiam
500 1983 557 2048 alii
579 1983 694 2050 fontes
712 2003 760 2051 ex
785 1981 917 2068 quibus
934 2004 991 2052 res
1016 1986 1145 2069 hausit,
1165 1989 1292 2074 scripta

233 2127 359 2193 nempe
373 2125 451 2193 quae
467 2107 620 2173 imitatus
634 2111 689 2173 est
703 2110 763 2173 ant
776 2126 923 2193 qnorum
937 2108 1134 2192 fragmenta
1149 2111 1186 2176 in
1210 2130 1293 2178 suos

234 2232 380 2302 annales
402 2231 577 2314 inseruit;
602 2231 644 2297 de
667 2231 793 2316 quibus
816 2233 917 2299 nobis
944 2234 1091 2318 amplius
1114 2234 1294 2302 disseren-

235 2357 331 2426 dnm.

280 2483 420 2562 Nestor,
434 2486 474 2547 nt
489 2484 591 2545 antea
603 2477 686 2560 dixi,
698 2478 742 2546 acl
756 2479 861 2545 finem
876 2480 994 2546 saeculi
1007 2481 1100 2548 Xlet
1116 2481 1214 2548 initio
1230 2501 1295 2549 see-

237 2601 306 2671 culi
322 2603 387 2668 XII
410 2603 561 2670 vivebat.
580 2603 678 2668 Nono
692 2605 807 2669 autem
825 2602 954 2670 saecnlo
967 2603 1091 2670 litterae
1109 2605 1295 2672 slavonicae

238 2741 319 2813 qnae
340 2725 378 2792 in
395 2726 562 2807 Moravia,
586 2726 752 2794 librorum
774 2743 953 2792 sacrorum
975 2728 1213 2811 translatione,
1228 2729 1296 2796 llo·

238 2869 378 2918 rescere
394 2850 608 2946 inceperant,
634 2853 713 2935 post
729 2850 891 2916 Methodii
907 2856 1053 2918 mortem
1068 2856 1102 2918 et
1112 2853 1296 2919 Moravicae

238 2974 397 3042 ecclesiae
412 2973 556 3053 exitum,
577 2971 821 3054 ianlgariam
833 2973 1072 3056 migraverunt
1084 2981 1106 3041 ⁸.
1125 2976 1176 3043 lbi
1190 2975 1297 3042 multa

239 3100 382 3169 fuerimt
400 3099 528 3185 scripta
539 3116 645 3182 opera
655 3115 801 3183 quorum
813 3098 941 3164 servati
953 3101 1193 3184 suntccdices,
1203 3103 1298 3172 itant

239 3221 632 3311 proecipnosbulgaricae
640 3219 768 3287 scholae
777 3220 962 3306 scriptores
971 3241 1174 3292 enumerare
1183 3226 1296 3294 liceat.

212 3341 217 3346 ’
242 3349 389 3418 Sanctus
405 3347 564 3415 Clemens
581 3346 768 3432 scripserat
787 3346 960 3430 homilias,
977 3352 1117 3418 sanctus
1133 3352 1300 3420 constan-

242 3473 338 3542 tinus
354 3471 398 3539 de
413 3469 607 3554 evangeliis
624 3468 887 3552 commentaria,
904 3470 1151 3559 Athanasiique
1172 3474 1300 3542 adver-

245 3615 306 3666 sus
329 3596 477 3663 Arianos
508 3612 596 3680 epus
619 3593 655 3660 in
677 3592 897 3676 bulgaricum
916 3613 1111 3680 sermonem
1134 3602 1296 3665 verterat.

282 3869 290 3899 ¹
310 3872 393 3943 Sagis.
519 3860 532 3885 ⁰

281 3975 292 4007 ¹
312 3978 376 4050 Cap.
390 3981 493 4034 xxm.

283 4080 295 4114 ⁸
311 4085 377 4155 cip.
390 4086 464 4139 XVI.

283 4186 294 4218 ⁸
312 4191 373 4246 Vid.
389 4191 508 4266 Γαΐω,
521 4193 588 4245 Hirr.
603 4191 739 4262 Nmeqiae,
751 4211 775 4263 p.
788 4167 839 4248 till.

285 4299 377 4352 Kruze.
400 4297 533 4351 chronicon
544 4296 805 4362 Hammonem&
820 4305 869 4358 171,
881 4316 908 4366 p.
920 4305 968 4352 lit.
1090 4355 1096 4370 ⁶

286 4396 298 4428 ·
315 4402 376 4454 vra.
390 4401 453 4468 cap.
468 4404 544 4465 mv,
557 4405 659 4465 xxv1.
674 4403 789 4465 xxvu.
809 4403 935 4464 xxvrn.
954 4393 1060 4465 mr.
1072 4403 1168 4466 mv.
1181 4403 1304 4470 xtvrn,

253 4495 297 4540 etc.

290 4551 301 4616 ⁸,
316 4592 376 4645 Vld.
387 4610 449 4658 opus
458 4611 540 4646 meum
553 4596 581 4646 de
597 4595 689 4660 Uecillo
703 4606 726 4648 et
739 4595 871 4658 Hermio,
883 4613 938 4664 cap.
952 4599 987 4649 X.
