3540 5666
573 825 782 914 minimaque
811 821 855 892 de
881 840 920 892 se
949 824 1025 911 ipse
1051 822 1136 892 dicit
1158 822 1295 892 Nestor.
1314 823 1412 892 Novo
1428 825 1630 896 monasterii

572 950 711 1020 condito
737 949 878 1036 templo,
895 947 1057 1017 monachi
1079 948 1123 1017 ab
1141 947 1341 1034 hegumeno
1357 949 1630 1037 impetraverunt

571 1078 610 1144 ut
629 1073 723 1144 beati
746 1073 930 1144 Theodosii
949 1090 1078 1162 corpus
1101 1073 1138 1141 in
1156 1073 1223 1156 hoc
1251 1073 1417 1162 templum
1447 1073 1629 1142 transferri

570 1201 720 1288 juberet.
746 1200 885 1270 Nestori
909 1199 1059 1286 contigit
1078 1199 1192 1268 honos
1215 1217 1335 1270 sacras
1354 1199 1517 1288 reliquias
1541 1200 1629 1268 effo-

574 1324 690 1393 diendi
711 1327 747 1394 et
764 1324 932 1396 minutius
951 1327 1092 1392 enarrat
1110 1323 1283 1410 quomodo
1303 1326 1399 1392 tauto
1418 1322 1558 1393 timolus
1586 1321 1630 1394 sit

574 1449 701 1532 officio,
719 1449 843 1536 quibus
870 1448 1048 1518 miraculis
1074 1448 1185 1517 saucii
1206 1448 1341 1518 abbatis
1363 1448 1516 1516 tumulus
1535 1446 1630 1521 illus-

575 1578 686 1644 tratus
700 1573 806 1643 fuerit
825 1588 834 1640 :
852 1591 990 1644 summa
1005 1572 1230 1662 veneratione
1249 1572 1384 1644 colebat
1399 1571 1631 1642 Theodosium

488 1733 494 1746 ·
573 1716 677 1786 quem
690 1701 857 1786 Magnum
869 1716 996 1772 vocare
1011 1717 1083 1768 nou
1097 1698 1231 1768 dubitat
1244 1696 1266 1766 ¹.

616 1818 999 1906 Anu0,1091‚Polootri
1006 1822 1156 1892 barbara
1166 1840 1256 1908 gens
1268 1840 1351 1891 mura
1366 1820 1629 1891 ciroaKioviam

573 1951 610 2016 et
639 1947 753 2035 ipsum
793 1948 1043 2017 monasterium
1079 1947 1276 2036 depopulati
1315 1951 1396 2016 sunt
1437 1947 1632 2036 aliquotque

574 2073 763 2142 monachos
777 2071 990 2145 occiderunt.
1008 2072 1134 2141 Nestor
1155 2092 1234 2144 cum
1256 2073 1462 2161 quibusdam
1483 2092 1504 2140 e
1525 2071 1632 2140 soda-

574 2196 665 2268 libus
680 2197 753 2267 suis
767 2196 900 2285 postico
914 2196 1038 2282 iugero
1052 2202 1193 2268 coactus
1211 2201 1278 2283 est,
1304 2202 1340 2268 et
1367 2198 1415 2268 ita
1436 2197 1632 2268 emauibus

575 2325 726 2395 hostium
740 2322 873 2396 evasit'

619 2450 673 2518 Ad
686 2468 816 2518 anuum
834 2448 922 2518 1106
935 2466 1056 2518 senem
1078 2450 1262 2536 quemdam
1284 2451 1424 2520 nomine
1439 2451 1633 2520 iohannem

576 2573 774 2662 Wysuatam
791 2573 920 2652 obiisse
944 2572 1076 2657 scribit,
1092 2573 1254 2662 additque
1277 2593 1315 2644 se
1337 2575 1445 2644 multa
1461 2574 1510 2668 inl
1524 2575 1633 2644 cliro-

576 2699 664 2768 nicis
687 2698 876 2768 inseruisse
892 2716 972 2787 quae
989 2717 1033 2766 ex
1045 2697 1105 2768 illo
1121 2699 1312 2768 audiverat.

622 2826 748 2900 Nestor
761 2823 899 2914 quando
916 2826 1074 2893 mortuus
1087 2825 1133 2893 sit
1147 2825 1330 2894 incertum.
1373 2861 1375 2865 v

620 2950 805 3024 Patericou
819 2949 863 3020 de
882 2967 974 3018 anno
995 2951 1104 3034 tacet3
1134 2949 1286 3020 affirmat
1298 2969 1382 3019 vero
1396 2949 1493 3018 illum
1506 2950 1635 3020 multos

580 3093 694 3144 annos
720 3075 864 3157 vixisse,
891 3074 1036 3159 annales
1060 3073 1281 3162 scribentem,
1298 3079 1495 3164 aeternaque
1521 3075 1635 3143 medi-

581 3201 723 3271 tantem.
736 3199 789 3268 Ad
803 3216 933 3267 aunum
948 3195 1036 3268 1097
1064 3198 1229 3271 chronica
1243 3200 1431 3289 loquuntur
1453 3200 1496 3269 de
1519 3199 1636 3269 Vladi-

581 3323 671 3394 miro
692 3327 733 3394 ut
761 3323 804 3392 de
831 3322 972 3394 homino
999 3323 1075 3410 jem
1100 3325 1284 3412 deiuucl03
1316 3325 1483 3396 Vladimir
1520 3327 1637 3393 autem

582 3449 667 3519 obiit
696 3467 788 3520 omno
806 3448 915 3534 11253
945 3449 1036 3518 unde
1067 3450 1193 3536 conjici
1206 3454 1320 3540 potest
1347 3453 1528 3539 Nestorem
1542 3453 1638 3538 ·post
1744 3489 1745 3501 κ

583 3572 964 3670 huncuunumdevita
983 3572 1189 3644 decessisse.
1206 3575 1638 3663 Sepultus'estinmonas·

582 3700 670 3771 torio
687 3697 897 3789 pecuarieusi
923 3699 1025 3785 crq'us
1049 3698 1140 3768 iuter
1164 3703 1304 3770 sanctos
1326 3700 1440 3769 adbuc
1463 3717 1485 3768 a
1510 3698 1639 3788 populo

583 3823 869 3896 russico'colitur.
