3540 5666
643 739 679 752 ...
696 711 732 766 35
750 739 787 750 -

234 837 386 905 Dianium
393 836 573 903 ministerii
582 836 729 923 publicae
738 830 1104 914 educationisJumol
1112 830 1249 902 minist.

191 959 417 1052 Norodnaqo
431 957 755 1029 Prosoieszczenio
769 961 840 1027 vol.
848 961 905 1026 98.
916 961 958 1026 Π.
969 959 1013 1025 68
1023 959 1071 1026 ait
1083 974 1090 1023 :
1106 960 1251 1027 «Editor

190 1090 402 1160 collectionis
412 1089 623 1158 russicarum
635 1089 811 1156 annalium
820 1088 1055 1168 Berednikov,
1069 1089 1135 1154 etsi
1143 1089 1250 1156 multa

189 1216 231 1282 de
248 1215 390 1283 scientia
400 1215 489 1282 bene
499 1215 656 1295 meritus,
666 1213 866 1280 nonhabuit
878 1213 952 1298 ipse
967 1215 1101 1280 tentum
1118 1217 1249 1298 tempo-

187 1339 235 1406 ris
253 1343 291 1406 ut
314 1339 455 1406 editioni
471 1358 546 1407 suae
561 1340 791 1406 sufficientem
808 1357 928 1405 curam
945 1337 1175 1424 impenderet,
1191 1337 1249 1404 ni-

186 1464 318 1550 misque
333 1465 406 1532 suis
422 1464 638 1548 adJutoribus
654 1463 807 1530 contidit.
827 1464 889 1544 lla,
903 1481 1044 1542 censeo,
1072 1481 1178 1529 causa
1195 1466 1248 1530 est

185 1609 247 1658 cur
254 1591 406 1658 methodi
421 1590 588 1671 delectus,
599 1588 786 1656 infidelitas
802 1589 839 1654 in
853 1590 951 1654 textu
965 1588 1245 1670 transcribendo,

184 1714 473 1782 contradictiones
486 1715 523 1780 in
546 1713 832 1801 interpretatione
851 1713 982 1799 saepius
1003 1717 1192 1780 occurrant
1208 1714 1245 1781 in

182 1838 250 1905 hoc
263 1858 367 1925 opere
383 1840 476 1925 quod
489 1844 620 1907 tantam
638 1839 857 1924 diligentiam
871 1838 1084 1924 requirebat.
1107 1864 1122 1898 ›
1187 1823 1189 1828 ’

226 1963 260 2029 5⁰
286 1964 457 2031 Chronica
483 1965 661 2046 Nestoris,
691 1969 822 2032 textum
855 1937 1242 2032 russicoslovenicum¹

181 2089 287 2156 edidit
298 2089 490 2170 Miklosich,
507 2091 607 2171 in·8⁰,
623 2090 851 2158 Vindobonee.

223 2213 341 2280 Editor
363 2217 495 2282 textum
515 2233 652 2300 quoque
677 2215 927 2282 Laurentinum
942 2215 1111 2301 sequitur,
1134 2215 1239 2282 nimis

179 2342 294 2404 autem
305 2339 463 2418 fideliter,
479 2333 560 2406 nam
574 2341 610 2406 in
624 2340 738 2426 ipsum
755 2344 887 2407 textum
899 2341 991 2408 haud
1006 2339 1110 2408 dubia
1124 2340 1238 2408 inter-

176 2463 373 2548 polamenta
386 2464 545 2544 inseruit,
563 2464 655 2548 quod
666 2463 741 2549 ipse
757 2464 896 2548 quidem
912 2464 1038 2532 fatetur
1056 2458 1078 2532 ².

220 2585 369 2668 Primus,
386 2588 538 2654 Nestoris
552 2591 684 2654 textum
701 2589 745 2654 ad
759 2589 903 2672 regulas
918 2589 1156 2674 grammatica
1173 2607 1236 2656 re-

176 2707 303 2776 ducere
317 2711 482 2778 tentavit:
500 2712 661 2794 arguitur
668 2715 798 2794 autem,
816 2715 855 2780 ut
864 2715 939 2797 jam
953 2711 1233 2799 supradiximus,

174 2831 250 2919 ipse
273 2834 337 2902 sibi
360 2835 506 2903 nimium
525 2837 734 2905 confidisse:
758 2841 917 2924 quaedam
942 2844 1049 2918 recte,
1071 2838 1180 2905 multa
1195 2837 1235 2904 li-

173 2956 290 3025 berius
316 2959 462 3044 corrigit
484 2960 506 3028 ⁸.
529 2964 674 3030 Textum
698 2964 765 3030 tria
787 2968 977 3048 sequuntur
1000 2962 1234 3029 additamenta

171 3099 318 3167 quorum
331 3103 435 3152 nemo
451 3086 595 3169 negabit
608 3085 811 3154 utilitatem:
828 3090 861 3153 1⁰
874 3083 965 3155 Loci
980 3084 1232 3155 chronicorum

205 3414 214 3445 ¹
233 3419 263 3471 Id
275 3429 312 3472 est
323 3422 474 3473 slavonicum
490 3447 495 3472 :
514 3422 650 3474 Miklosich
663 3438 751 3492 nempe
765 3425 908 3477 hodiernam
924 3427 1036 3495 linguam
1055 3426 1229 3478 slovenicama

167 3510 249 3580 prisca
260 3511 385 3564 slavonica
397 3513 497 3562 minime
510 3513 607 3564 differre
618 3515 752 3565 existimat.
763 3539 799 3548 -
811 3514 878 3566 Vide
893 3522 947 3582 ejus
962 3515 1099 3567 Lautletre.

202 3609 213 3640 ¹
231 3613 293 3684 Cap.
305 3615 416 3670 Lxxx,

202 3715 213 3748 ³
231 3721 346 3792 Exempli
357 3729 437 3793 gratia
453 3744 503 3778 non
520 3729 627 3780 admittit
642 3729 771 3781 Nestorem
787 3730 886 3781 nasales
902 3729 1009 3781 slavicae
1022 3727 1119 3781 vocales
1135 3745 1190 3796 qua
1202 3731 1228 3781 in

164 3814 252 3880 lingna
268 3811 399 3866 Slavonica
425 3815 493 3875 olim,
517 3819 543 3868 in
555 3819 667 3887 polonica
683 3819 756 3870 hodie
770 3827 868 3870 exstant
880 3821 986 3872 novisse.
1004 3818 1134 3872 Recentior
1147 3827 1227 3870 autom

164 3901 243 3950 editor
256 3899 391 3954 Bielowslsi
407 3905 563 3969 gravissimis
579 3907 699 3972 exemplis
717 3907 846 3958 Nestorem
861 3907 901 3959 his
918 3907 1045 3958 nasalibus
1061 3908 1097 3958 uti
1112 3907 1227 3958 debuisse

163 3989 346 4041 demonstravit.
364 3991 537 4044 Grammaticae
555 3989 659 4044 Slavicse
672 3995 783 4046 curiosos
794 3996 825 4045 ad
837 3996 1033 4048 dissertationem
1048 4011 1122 4062 supra
1136 3995 1225 4046 dictam

162 4076 315 4128 Milslosicbii
338 4086 441 4148 ejusque
468 4083 635 4150 praefationem
656 4090 682 4134 et
703 4081 841 4157 laeticiae,
866 4093 890 4136 et
906 4086 1042 4138 Biolowski
1058 4085 1225 4154 prolationem

161 4168 318 4218 remittimus·

197 4253 311 4306 Praelatio
333 4243 486 4311 Miklosichii
508 4261 585 4313 latine
612 4263 703 4329 scripta
715 4263 856 4314 doctissima
872 4263 980 4332 quidem.
1000 4265 1044 4315 sod
1058 4263 1151 4330 lingua
1172 4263 1222 4316 sla·

161 4343 221 4394 viere
232 4345 335 4397 rudibus
343 4364 431 4415 parum
442 4349 514 4400 credo
524 4350 657 4418 voluptatis
669 4350 766 4408 efferet;
785 4351 863 4429 mults
882 4355 907 4404 in
924 4369 953 4404 aa
967 4353 1058 4404 desunt
1071 4375 1075 4404 ι
1089 4351 1223 4404 Millosieh

160 4441 249 4502 prater
259 4440 443 4502 grammaticam
452 4440 515 4490 nihil
525 4447 567 4491 aut
579 4441 629 4495 fere
641 4441 704 4492 nihil
716 4447 794 4491 curat.
814 4439 854 4494 De
865 4441 908 4494 illa
927 4435 1042 4494 Editiono
1055 4457 1139 4494 severo
1150 4443 1223 4510 judi-

160 4530 278 4574 caverunt
290 4523 425 4578 Bielowslsi
436 4543 477 4594 op.
487 4530 530 4579 cit.
539 4511 630 4594 plil&
643 4527 834 4596 Enoyclopedija
849 4529 1020 4596 powszsehns‚
1041 4531 1222 4598 anepolopatta

160 4608 278 4661 Polonica
288 4627 346 4663 voce
357 4614 455 4676 Nestor,
467 4615 551 4668 Erben
565 4619 590 4668 in
601 4617 751 4684 prelatione,
766 4633 790 4686 p.
808 4621 842 4676 lt.
857 4625 904 4670 otc.
