3564 5668
1004 701 1039 713 -
1057 674 1091 728 og
1110 699 1144 712 ..

546 797 674 880 luisse3
694 793 818 882 quibus
842 795 969 881 optime
993 771 1179 881 respondet
1202 793 1383 861 Miklosich
1408 795 1605 866 slavonica-

546 941 625 990 rum
640 939 758 988 rerum
775 920 925 1007 optimus
939 918 1083 986 arbiter.

593 1072 609 1106 e
634 1049 682 1112 De
713 1045 903 1112 foederibus
930 1044 1029 1110 lactis
1051 1061 1129 1110 cum
1147 1043 1289 1123 Graecis
1313 1044 1517 1111 confitemur
1541 1065 1605 1113 nos

550 1189 662 1236 »non
686 1169 881 1251 inteNigere
912 1167 1083 1253 quomodo
1111 1167 1187 1232 haec
1212 1165 1359 1246 foedera,
1390 1168 1604 1252 paucissimis

551 1319 566 1354 »
592 1291 757 1378 exceptis,
773 1291 985 1358 continentia
1007 1289 1144 1358 nonnisi
1168 1289 1309 1356 nomina
1334 1290 1495 1356 scandica
1517 1291 1604 1374 fingi

550 1441 565 1477 ι
591 1415 767 1502 potuerint
793 1419 872 1501 post
893 1413 1048 1480 Nestoris
1073 1416 1224 1493 aetatem,
1250 1413 1384 1492 Russis,
1410 1418 1481 1480 tam
1506 1416 1604 1482 brevi

548 1569 564 1604 ι
590 1525 1603 1628 tempore,0blitishaecnomina.Affirmantiverofictaesse

547 1692 563 1727 »
589 1669 648 1733 aut
665 1684 685 1732 a
701 1667 859 1746 Nestore,
878 1668 937 1732 aut
969 1665 1090 1732 saltem
1114 1669 1216 1731 aetate
1235 1663 1402 1745 Nestoris,
1419 1665 1605 1751 responde-

547 1816 563 1851 »
588 1790 701 1857 bimus
721 1789 899 1856 fictionum
912 1792 1051 1856 aetatem
1065 1788 1101 1855 in
1120 1787 1245 1855 Russia
1260 1787 1366 1870 longe
1385 1807 1460 1854 esse
1477 1807 1604 1856 recen-

548 1939 563 1974 »
589 1915 713 1981 tiorem
730 1915 857 1981 saeculo
873 1914 1022 1980 decimo.
1048 1939 1062 1972 »
1082 1911 1186 2000 (Mill.
1198 1913 1336 1996 Proleg.
1353 1915 1392 1980 P.
1408 1911 1471 2000 ix.)

590 2037 756 2105 Omnibus
781 2037 835 2104 his
862 2056 969 2123 supra
994 2036 1094 2103 dictis
1123 2037 1338 2103 documentis
1366 2055 1467 2103 usum
1500 2036 1604 2102 luisse

545 2163 728 2229 Nestorem
751 2180 795 2227 ex
817 2161 901 2246 ipsis
928 2161 1109 2228 annalibus
1130 2163 1276 2226 constat.
1304 2160 1446 2241 Graecis,
1472 2161 1508 2226 id
1538 2164 1603 2241 est,

545 2285 735 2368 bulgaricis
767 2285 865 2352 libris
897 2303 967 2350 non
1007 2288 1100 2352 certe
1140 2284 1321 2367 indigebat
1356 2284 1604 2352 monasterium

545 2410 766 2496 peczariense
795 2413 913 2495 utpote
928 2409 1018 2494 quod
1032 2409 1441 2496 aGonstantinopolitano
1456 2410 1605 2495 quodam

535 2536 716 2602 ‘monacho
743 2553 823 2601 suas
847 2535 989 2617 regulas
1012 2539 1205 2620 acceperat.
1230 2536 1353 2602 Nestor
1390 2539 1508 2602 autem
1541 2536 1605 2603 etsi

546 2659 693 2745 simplex
707 2663 741 2726 et
754 2658 899 2741 ignarus
913 2659 1020 2726 multa
1031 2660 1187 2742 legerat3
1212 2677 1380 2742 magnum
1394 2659 1488 2726 enim
1501 2660 1606 2726 libro·

546 2803 624 2850 rum
652 2781 802 2850 studium
833 2783 1025 2869 profitetur.
1058 2786 1144 2851 Cum
1174 2783 1366 2870 principem
1391 2784 1606 2852 Jaroslavum

546 2907 623 2974 vult
638 2907 800 2975 laudare:
825 2906 1024 2992 «Princeps
1047 2908 1216 2989 torosior,
1235 2907 1295 2988 ait,
1315 2907 1440 2974 multos
1465 2908 1607 2991 collegit

547 3032 697 3112 codices,
709 3031 864 3098 multose
880 3049 997 3114 graeco
1011 3049 1169 3099 sermone
1185 3033 1221 3098 in
1236 3032 1392 3116 linguam
1407 3035 1441 3098 et
1455 3033 1607 3119 scriptu-

548 3172 623 3220 ram
639 3153 850 3220 slavonicam
873 3154 1058 3220 vertendos
1079 3153 1239 3220 curavit:
1266 3179 1280 3214 »
1302 3158 1336 3221 et
1357 3154 1463 3221 alias:
1483 3180 1497 3214 a
1514 3155 1607 3222 Mul-

548 3278 621 3342 tum
648 3275 815 3342 librorum
830 3275 975 3342 scientia
1003 3277 1064 3344 tibi
1085 3277 1284 3363 proderit...
1303 3296 1367 3344 nos
1383 3277 1475 3344 enim
1492 3279 1608 3345 aedifi-

548 3400 669 3464 cant...
684 3397 826 3464 fiumina
846 3402 928 3466 sunt
943 3417 1021 3482 quae
1049 3402 1159 3466 totum
1187 3401 1307 3467 orbern
1323 3401 1513 3484 irrigant...
1528 3405 1610 3470 sunt

514 3515 519 3530 ‘
548 3521 728 3607 sapientiae
745 3521 872 3602 sontes,
889 3522 926 3587 in
947 3521 1015 3588 iNis
1036 3525 1088 3588 est
1110 3523 1198 3590 mira
1223 3523 1388 3590 altitudo:
1411 3527 1491 3590 sunt
1513 3525 1608 3592 sola-

547 3642 632 3710 tium
659 3643 799 3724 doloris,
823 3644 1060 3730 temperantiae
1084 3646 1232 3711 frenum.
1253 3647 1403 3712 »Nonne
1428 3649 1461 3712 te
1485 3665 1607 3712 vocem

546 3767 681 3832 romani
695 3767 842 3834 oratoris
855 3768 988 3834 litteras
1003 3767 1175 3834 laudantis
1192 3768 1311 3834 audire
1330 3769 1451 3834 credas
1462 3762 1494 3833 ’ἓ

590 3891 673 3956 Haec
686 3891 780 3957 addit
799 3891 971 3977 scriptor:
993 3891 1085 3976 oqui
1103 3910 1196 3977 saepe
1210 3892 1318 3959 libros
1328 3889 1467 3979 (sacros)
1477 3891 1557 3976 legit
1570 3891 1608 3958 in

547 4015 755 4082 commercio
773 4016 833 4082 Dei
856 4020 891 4082 et
915 4019 1114 4083 sanctorum
1137 4019 1297 4082 versatur
1317 4030 1325 4080 ε
1345 4015 1403 4101 qui
1417 4015 1505 4099 legit
1520 4036 1610 4102 pro-

547 4137 729 4220 phetarum
755 4137 943 4219 orationes
968 4139 1262 4222 evangelistarum
1302 4142 1336 4204 et
1373 4139 1608 4224 apostolorum

546 4265 721 4345 praecepta
738 4265 771 4327 et
786 4263 927 4328 Patrum
942 4262 1044 4338 vitas,
1060 4261 1205 4330 multum
1225 4263 1372 4348 proficit.
1402 4289 1416 4323 a

591 4382 679 4448 Hinc
705 4383 803 4449 vides
830 4403 916 4469 quos
939 4385 1046 4453 libros
1078 4386 1221 4454 assidua
1245 4406 1350 4455 manu
1377 4392 1495 4456 noster
1520 4405 1611 4456 auo-

585 4549 592 4578 ¹
612 4553 675 4621 Cep.
690 4555 728 4605 IV
742 4557 783 4606 ad.
798 4573 857 4607 ann.
872 4563 935 4611 101⁷.
948 4579 984 4598 *-
999 4559 1041 4612 Cs.
1056 4557 1137 4612 Cicer.
1149 4577 1192 4627 pro
1205 4561 1306 4614 Archia.
