3540 5666
998 716 1034 732 ..
1051 689 1085 746 34
1099 713 1136 734 .-

543 813 613 895 illa,
639 813 705 880 etsi
726 811 862 898 priores
888 813 1041 898 superat,
1065 813 1172 896 longe
1194 815 1311 880 tamen
1338 814 1437 884 abest
1484 834 1506 884 a
1528 833 1600 901 per-

543 939 703 1008 sectione.
720 940 925 1023 Concilium,
944 942 1062 1025 utjam
1077 939 1241 1023 diximus,
1256 941 1383 1018 multos
1397 961 1442 1013 ex
1456 941 1600 1012 diuersis

541 1063 677 1150 imperii
702 1065 858 1150 partibus
882 1064 1072 1148 collegerat
1097 1065 1252 1149 codices;
1278 1085 1349 1134 non
1380 1070 1498 1136 tamen
1520 1069 1599 1140 illud

542 1190 726 1257 aedificavit
735 1195 996 1258 monumentum
1007 1192 1099 1276 quod
1109 1192 1200 1258 docti
1214 1193 1417 1277 sperabant;
1432 1194 1599 1278 judicium

542 1315 684 1382 enimet
700 1335 785 1383 cura
807 1317 936 1402 saepius
952 1317 1049 1402 operi
1076 1317 1214 1387 desunt.
1237 1317 1442 1400 Concilium,
1458 1323 1497 1386 ut
1511 1321 1598 1406 opti-

541 1458 636 1506 mum
646 1440 812 1521 codicem,
833 1440 965 1526 aceepit
973 1441 1219 1508 Laurentinum
1226 1458 1236 1525 ;
1248 1441 1403 1510 sedlocis
1412 1443 1599 1530 desumptis

541 1583 585 1631 ex
596 1563 671 1629 aliis
689 1564 866 1631 codicibus
882 1583 923 1630 ea
949 1564 1087 1650 supplet
1112 1582 1191 1649 quae
1207 1565 1354 1632 deficere
1378 1566 1554 1650 videntur,
1568 1572 1598 1635 et

540 1686 585 1752 ad
607 1687 737 1754 calcem
760 1689 876 1756 varias
899 1689 1066 1756 lectiones
1093 1687 1227 1773 rejicit:
1244 1689 1337 1773 quod
1350 1689 1491 1775 quidem
1508 1691 1598 1778 opti-

539 1830 634 1878 mum
649 1817 742 1879 esset
758 1813 788 1880 si
803 1817 913 1881 totum
927 1832 1014 1898 opus
1028 1813 1092 1880 sibi
1103 1816 1295 1897 constaret;
1320 1817 1355 1880 at
1368 1814 1506 1900 priores
1521 1819 1599 1883 tan-

540 1941 612 2005 tum
626 1940 767 2024 paginae
782 1944 942 2007 accurate
957 1940 1060 2008 editae
1079 1943 1173 2021 sunt,
1190 1942 1318 2007 caetera
1331 1957 1417 2008 vero
1436 1959 1595 2026 magnam

539 2064 678 2149 culpant
713 2065 976 2148 negligentiam.
1025 2065 1102 2130 Non
1143 2082 1227 2131 cura
1263 2062 1365 2131 modo
1406 2065 1469 2132 sed
1510 2066 1597 2134 bona

538 2189 623 2256 tides
638 2189 828 2256 editoribus
843 2190 957 2272 deest3
980 2187 1130 2274 exempli
1148 2187 1283 2272 gratia:
1302 2188 1371 2255 fert
1387 2189 1498 2258 codex
1508 2191 1598 2258 Lau-

538 2314 695 2382 rentinus
713 2316 886 2382 Rurikum
903 2316 947 2381 ad
968 2315 1083 2382 lacum
1098 2315 1276 2398 Ladogam
1291 2315 1476 2382 advenisse
1482 2333 1493 2398 ;
1514 2335 1597 2402 pos-

538 2439 684 2506 teriores
701 2443 816 2508 autem
834 2439 972 2506 codices
990 2440 1033 2505 ad
1056 2439 1180 2506 urbem
1199 2439 1422 2522 Novogorod.
1441 2439 1596 2508 Editores

537 2563 782 2650 petropolitani
799 2563 843 2630 ad
856 2563 1070 2650 posteriores
1082 2563 1220 2631 codices
1236 2566 1423 2631 recurrunt
1436 2567 1472 2631 et
1488 2565 1595 2632 Novo

537 2688 650 2770 gorod
663 2689 699 2754 in
713 2688 828 2755 locum
841 2688 939 2754 lacus
950 2687 1101 2772 Ladogae
1116 2688 1269 2756 subdunt
1276 2705 1286 2772 3
1298 2705 1447 2772 namque
1461 2706 1594 2775 semper

536 2815 672 2882 Russiae
699 2815 966 2901 imperatoribus
979 2815 1109 2901 placuit
1126 2815 1357 2884 demonstrari
1385 2815 1593 2900 Novogorod

535 2941 682 3026 primam
699 2941 916 3027 principatus
935 2940 1059 3008 russici
1073 2941 1191 3008 sedem
1206 2939 1328 3022 fuisse,
1345 2939 1496 3026 antiquae
1513 2959 1592 3008 vero

535 3065 639 3149 hujus
656 3063 855 3152 reipublicae
866 3065 1060 3133 libertatem
1076 3063 1250 3132 oblivione
1262 3063 1466 3151 silentioque
1481 3065 1589 3136 obrui.
1639 3040 1641 3050 ¹

534 3189 617 3255 Inde
636 3189 752 3256 fabula
773 3208 851 3274 quae
869 3189 1042 3257 llurikum
1063 3188 1107 3254 ad
1132 3189 1344 3272 Novogorod
1360 3188 1473 3272 ducit;
1501 3207 1591 3258 nunc

534 3316 650 3381 autem
665 3314 870 3398 intelligitur
879 3334 941 3381 cur
952 3333 994 3381 ea
1003 3315 1120 3382 fabula
1131 3315 1168 3381 in
1181 3314 1368 3382 editionem
1381 3313 1593 3402 imperialem

534 3440 674 3522 recepta
699 3437 821 3504 fuerit:
838 3438 930 3524 quod
944 3437 1083 3522 quidem
1096 3438 1235 3508 Russiee
1248 3438 1359 3508 doctis
1376 3457 1447 3507 non
1461 3443 1516 3506 est
1528 3439 1594 3507 ho-

534 3561 633 3645 nori;
651 3562 795 3630 scientia
811 3562 904 3630 enim
918 3566 1052 3630 tantum
1069 3563 1252 3631 veritatem
1266 3567 1372 3646 amat,
1390 3582 1455 3644 nec
1470 3581 1592 3648 regum

423 3690 428 3698 '
534 3686 686 3754 consiliis
700 3686 872 3754 inservire
886 3688 1012 3755 studet.
1033 3687 1095 3754 Illa
1110 3688 1219 3772 igitur
1233 3687 1338 3758 editio
1352 3692 1492 3755 nonest
1505 3688 1592 3766 inter

533 3811 681 3896 optimas
698 3813 868 3880 habenda.
896 3812 1155 3898 orthographia
1179 3813 1297 3879 deest:
1323 3811 1397 3898 typi
1411 3815 1492 3878 sunt
1509 3829 1590 3880 rus·

530 3935 607 4019 sici,
623 3938 714 4022 quod
723 3939 767 4005 ad
778 3938 934 4023 linguam
944 3933 1153 4024 cyrillicam¹
1167 3938 1257 4004 male
1271 3936 1454 4004 convenit:
1472 3937 1590 4004 charta

526 4062 603 4147 ipsa
616 4062 802 4131 mediocris
816 4067 851 4130 et
862 4062 921 4130 tali
930 4061 1080 4148 editione
1094 4080 1218 4148 parum
1232 4059 1430 4146 dignaNec
1444 4059 1590 4128 indicem

526 4206 591 4254 nec
613 4188 854 4256 annotationes
870 4187 1039 4274 reperias.
1051 4185 1149 4274 ¹Hinc
1163 4184 1262 4252 vides
1279 4187 1446 4270 quantum
1460 4181 1588 4264 laboris

525 4313 673 4397 posteris
694 4311 898 4398 reliquerint
921 4309 1121 4398 imperiales
1143 4308 1307 4376 editores.
1329 4309 1369 4376 ln
1392 4307 1469 4393 ipsa
1483 4307 1586 4386 etiam

524 4436 652 4505 Russia
669 4439 839 4525 hocopus
856 4454 979 4505 severe
992 4434 1189 4521 judicatum
1206 4436 1271 4502 est.

513 4639 515 4644 «
560 4601 569 4632 ¹
590 4607 657 4676 Typi
673 4611 762 4661 russici
773 4625 823 4661 non
837 4615 894 4660 ante
907 4608 1007 4660 Petrum
1016 4623 1135 4675 magnum
1145 4607 1231 4659 usitati
1246 4622 1260 4656 ι
1274 4601 1392 4672 cyrillicis
1404 4602 1529 4669 differunt.
