3540 5666
214 863 307 930 Idem
331 860 556 946 Polycarpius
580 861 616 928 in
641 862 712 930 vita
741 863 850 932 sancti
883 864 1009 934 Nikitae
1028 868 1128 951 cujus
1155 869 1270 938 exstat

215 984 464 1054 codex'sseculi
480 987 557 1066 XV,
579 989 759 1055 enumerat
779 987 949 1074 aliquota
971 987 1268 1076 praestantissimis
1349 997 1353 1011 ·

217 1111 423 1180 monasterii
452 1110 506 1180 sui
535 1110 714 1180 monachis
738 1103 954 1200 intorques:
980 1109 1174 1183 Nestorem
1209 1109 1272 1205 qui

217 1231 388 1304 ,chronice
409 1233 566 1328 sempsit.
582 1237 660 1306 Non
675 1236 818 1307 dubium
835 1241 890 1307 est
912 1238 996 1326 quin
1012 1237 1170 1308 Nestoris
1184 1257 1271 1308 cen-

219 1369 292 1434 tum
308 1358 382 1431 sere
400 1363 526 1432 abhinc
542 1361 643 1430 annis
660 1361 813 1430 dshmcti
827 1381 936 1450 usqua
951 1362 995 1430 ad
1009 1365 1150 1432 aetatem
1171 1363 1272 1450 Poly-

219 1491 326 1580 carpti
342 1491 508 1560 memoria
527 1481 677 1560 vixerit:
701 1489 822 1561 forsan
844 1491 953 1578 ipsius
969 1509 1075 1561 manu
1092 1495 1273 1564 exaratum

219 1616 372 1685 codicem
391 1616 616 1704 Polycarpius
630 1616 747 1701 legere
776 1618 946 1702 petierat.
969 1617 1010 1684 In
1026 1616 1114 1685 libro
1137 1635 1273 1704 quoque

219 1743 486 1852 dictomapcrtr
501 1739 546 1832 (id
559 1741 717 1826 astrites
728 1745 927 1811 sanctorum
940 1741 1124 1834 Patrum)¹‚
1137 1760 1274 1813 exano·
1316 1841 1318 1845 Ι

219 1885 325 1954 nymo
351 1866 434 1936 vitae
464 1865 620 1935 Nestoris
641 1868 807 1958 auctore,
827 1865 992 1936 chronica
1015 1869 1059 1938 ab
1078 1885 1132 1937 ,eo
1164 1867 1274 1938 tuisse

221 1991 350 2081 scripta
366 1990 624 2077 cognoscimus.
1211 2035 1213 2040 -
1328 2056 1333 2065 ,

266 2120 378 2197 Quum
394 2121 509 2187 autem
523 2121 573 2187 tot
586 2121 621 2186 et
634 2120 729 2188 tanta
746 2120 956 2187 concurrant
977 2117 1187 2203 testimonia,
1203 2117 1275 2188 ta'm

222 2245 314 2314 clare
327 2246 421 2330 patet
433 2244 613 2312 Nestorem
626 2242 932 2330 chronographum
952 2240 1139 2324 exstitisse,
1164 2243 1203 2310 ut
1218 2240 1274 2310 vel

223 2368 477 2440 atenacissimo
496 2367 673 2438 Harduino
698 2367 827 2436 factum
848 2367 1070 2454 illudnegari
1094 2371 1270 2456 nequeat:

222 2496 314 2585 quod
330 2499 446 2563 tamen
461 2495 677 2562 tentaverant
692 2492 861 2581 principio
878 2493 984 2580 hrq'us
1004 2493 1123 2563 saeculi
1145 2493 1275 2580 aliquot
1314 2493 1316 2498 '

222 2621 259 2690 in
275 2619 625 2728 Russiatmpapmao'r
641 2621 680 2686 ut
691 2617 825 2686 Stroiev
841 2621 876 2686 et
888 2617 1108 2705 Senkovsky,
1122 2617 1181 2705 qui
1193 2636 1276 2688 mox

222 2743 406 2830 Pogcdini,
420 2743 597 2812 Kubareui
613 2745 648 2811 et
663 2742 810 2812 aliorum
823 2741 1039 2828 argumentis
1054 2743 1210 2831 oppressi
1231 2744 1276 2812 ad

224 2868 396 2939 silentium
411 2867 541 2937 redacti
556 2870 647 2936 sunt.
664 2869 712 2935 De
729 2867 787 2934 illa
799 2866 837 2935 in
851 2866 1022 2936 oblivione
1040 2885 1133 2935 nunc
1152 2868 1277 2938 obruta

224 2993 437 3062 russicarum
446 2990 896 3080 scriptorumcontroversia
908 3009 980 3060 non
993 2991 1192 3078 loquemur;
1206 2991 1280 3077 gal·

224 3118 292 3188 lico
305 3116 396 3186 enim
417 3116 538 3186 lectori
553 3115 640 3184 nihil
657 3115 795 3184 afferret
817 3115 1003 3202 voluptatis
1022 3115 1080 3184 vel
1092 3114 1272 3202 utilitatis3

225 3241 290 3312 nec
303 3241 401 3311 varia
422 3232 628 3311 documenta
651 3240 688 3309 in
712 3259 818 3338 manu
850 3242 1031 3312 hebemus.
1051 3241 1225 3312 Caeterum
1248 3240 1278 3310 si
1323 3261 1332 3274 ·

225 3367 454 3438 demonstrari
464 3369 583 3455 posset
591 3370 748 3436 nostrum
762 3367 942 3438 Nestorem
951 3365 1006 3436 vel
1018 3384 1090 3438 non
1106 3365 1280 3437 exstitisse

225 3493 281 3561 vel
290 3511 361 3561 non
369 3491 552 3579 scripsisse
562 3489 717 3574 annales,
727 3509 802 3559 rem
811 3491 910 3578 parvi
923 3491 1088 3562 momenti
1103 3492 1278 3562 declarare

225 3589 297 3688 non
310 3617 567 3702 dubitaremus3
593 3617 706 3686 nullas
731 3635 855 3705 nempe
880 3617 1006 3686 Nestor
1029 3617 1066 3685 in
1089 3617 1191 3687 factis
1205 3635 1227 3686 a
1241 3635 1279 3687 se

225 3741 375 3848 narratis
411 3745 527 3828 partes
559 3741 658 3827 egit:
695 3742 795 3829 parvi
824 3741 933 3826 igitur
971 3740 1120 3811 interest
1161 3744 1280 3811 utrum

226 3867 396 3936 obscurus
410 3871 445 3936 et
466 3866 605 3938 humilis
624 3867 815 3938 monachus
838 3865 897 3954 qui
919 3882 1050 3936 nomen
1067 3883 1169 3936 suum
1183 3866 1279 3954 operi

227 4010 292 4061 suo
305 3990 494 4060 imcrihere
508 4011 578 4061 non
592 3991 756 4078 dignans
764 3995 818 4062 est
831 3993 955 4061 Petrus
968 4010 1014 4060 an
1027 3990 1155 4060 Paulus
1169 3990 1282 4060 dictus

228 4119 352 4188 fuerit:
368 4118 452 4190 satis
474 4124 529 4191 est
550 4123 627 4209 ejus
643 4121 785 4193 annales
807 4123 945 4192 exstare
965 4124 1001 4191 et
1024 4119 1206 4190 credibiles
1225 4119 1285 4190 de-

229 4245 426 4315 monstrari.
