3540 5666
960 747 1085 803 ..ι-

496 909 711 988 kioviensem
729 906 838 974 brisso
855 905 1075 974 monachum.
1098 908 1226 975 Doctus
1250 925 1368 976 rerum
1383 911 1541 978 russica-

496 1053 574 1104 rum
595 1033 743 1120 scriptor
767 1027 973 1100 Totiszczeo
998 1027 1006 1060 ¹
1030 1032 1089 1118 qui
1110 1031 1278 1119 prinprIo
1301 1033 1421 1102 saeculi
1436 1037 1548 1104 XVIII

497 1159 801 1242 multacollegerat
815 1157 1019 1226 documenta
1033 1158 1181 1226 affirmat
1196 1176 1323 1226 nomen
1336 1157 1419 1227 illud
1437 1159 1550 1228 tribus

496 1284 672 1352 codicibus
693 1283 897 1369 inscriptum
910 1299 988 1351 esse
1004 1301 1151 1368 quorum
1174 1283 1269 1352 nulla
1283 1284 1384 1352 hodie
1400 1285 1548 1372 reperiri

495 1410 681 1496 potuerunt
694 1407 842 1492 vestigia
855 1415 877 1475 ².

539 1535 708 1620 Perpetua
742 1537 855 1601 autem
885 1531 1068 1600 traditione
1097 1535 1233 1603 constat
1265 1533 1302 1600 in
1338 1524 1550 1602 monasterio

491 1653 720 1746 pesauriensi
736 1654 848 1744 (idest
866 1655 1087 1748 cryptarum)
1098 1655 1121 1736 ⁸,
1136 1656 1270 1728 Ktoviae
1293 1657 1446 1744 scputtos
1470 1677 1550 1732 esse

495 1781 582 1848 duos
596 1781 785 1850 monachos
798 1780 953 1852 Nestoris
969 1778 1109 1846 nomiae
1124 1798 1270 1866 quorum
1291 1800 1382 1849 unus
1397 1779 1553 1850 chroco—

495 1903 657 1998 prcphcs
670 1917 695 1988 ⁸,
718 1906 805 1974 alter
831 1924 916 1974 vero
947 1904 1106 1988 ignarus,
1133 1905 1327 1974 illitteratus
1361 1910 1372 1944 ⁵
1407 1906 1547 1976 dicitur.

495 2033 628 2099 Nomen
656 2031 811 2099 Nestoris
841 2031 1082 2098 Ruthenorum
1103 2027 1371 2124 chromoprophi
1395 2033 1550 2119 rspertes

496 2155 532 2222 in
551 2155 710 2240 catango
733 2159 869 2242 patrum
888 2155 1144 2242 praecipuorum
1172 2157 1209 2225 in
1232 2158 1363 2244 cryptis
1386 2159 1550 2227 kiovien-

386 2377 388 2382 ,
498 2280 593 2348 sibus
617 2281 829 2367 sepultorum
853 2281 944 2367 apud
969 2281 1192 2350 Herbinium⁸
1214 2282 1272 2368 qui
1286 2281 1328 2350 de
1344 2301 1385 2350 so
1403 2283 1550 2352 Nestore

498 2409 766 2495 chronographo
784 2427 878 2496 saepe
892 2410 929 2477 iu
942 2402 1107 2496 opusculo
1124 2429 1187 2478 suo
1203 2410 1367 2497 loquitur.

543 2533 709 2602 Graviora
729 2535 833 2602 ettam
851 2538 1037 2605 occurrunt
1059 2537 1159 2605 nobis
1184 2539 1412 2621 argumenta:
1433 2536 1470 2605 in
1484 2557 1549 2606 co—

499 2659 575 2726 dice
598 2659 716 2728 saeculi
735 2661 828 2742 XIII,
859 2659 917 2746 qui
942 2660 1066 2728 dicitur
1085 2662 1551 2748 Perejaslavo-Suzdaliensis

459 2853 465 2864 ,
498 2785 541 2852 ad
556 2786 645 2852 hanc
664 2786 812 2852 lineam:
835 2785 1034 2853 Theodosk
1056 2804 1160 2852 nemu
1176 2785 1209 2858 ia
1226 2786 1345 2871 ubohy
1366 2785 1501 2872 priszel,
1517 2788 1553 2854 id

498 2913 571 2977 est:
589 2909 801 2981 Theodosius
817 2906 1016 2996 (kiovIensis
1031 2907 1148 2998 abbas)
1164 2909 1208 2978 ad
1226 2928 1328 2997 quem
1344 2929 1412 2994 ego
1429 2908 1553 2998 (anna-

442 3063 445 3072 ,
497 3033 581 3102 lium
595 3033 751 3122 scriptor)
767 3036 928 3120 peccator
937 3035 1029 3118 veni,
1045 3034 1081 3102 In
1095 3035 1253 3118 margine
1269 3034 1406 3105 additur
1420 3035 1553 3106 alibra-

498 3159 572 3226 rio:
591 3177 669 3247 epo,
685 3155 793 3226 idest
808 3155 956 3226 Nestor.

541 3288 681 3356 Mammi
702 3307 787 3355 vero
821 3288 985 3359 momenti
1011 3287 1244 3356 testimonium
1277 3292 1330 3356 est
1356 3289 1553 3376 Polycarpii

498 3414 658 3483 monachi
676 3414 832 3500 ejusdem
848 3412 1049 3483 monasterii
1063 3413 1121 3499 qui
1135 3413 1265 3481 saecuto
1282 3414 1362 3480 XIII
1375 3414 1515 3483 vivebat
1528 3412 1551 3482 ⁷.

496 3540 537 3606 In
550 3538 694 3625 epIstola
723 3539 767 3605 ad
781 3534 1083 3605 archimandritam
1100 3537 1312 3605 Akindinum
1327 3537 1468 3625 scripta,
1484 3542 1551 3607 ait:

499 3663 792 3741 Quemadmodum
814 3663 936 3730 beatus
960 3663 1085 3731 Nestor
1109 3661 1146 3728 in
1170 3660 1243 3730 suis
1265 3660 1460 3745 annalibus
1484 3666 1550 3732 etc.

535 3851 543 3882 ¹
562 3857 602 3908 De
616 3854 750 3908 Patiscum
761 3853 818 3906 vide
832 3851 918 3906 Grccz.
934 3849 1048 3904 Hbtoric
1062 3851 1196 3904 lineorum
1208 3851 1355 3905 russicarum
1371 3874 1405 3888 -
1415 3854 1509 3906 russice
1520 3879 1553 3890 -

499 3955 542 4000 unt
554 3944 671 3999 Szcvirev
681 3970 717 3980 -
727 3944 816 3996 itaIIco.

533 4033 545 4064 ¹
563 4036 657 4104 Pogod
674 4040 748 4102 p.61‚
762 4051 799 4104 sq.
846 4091 847 4095 Ἰ

533 4121 543 4154 ¹
564 4124 659 4193 Crypta
671 4141 758 4192 nempe
770 4125 860 4176 slavico
870 4131 941 4176 sonat
947 4138 1057 4190 peccora.

479 4219 483 4226 '
533 4210 544 4242 ⁵
564 4213 724 4281 Letopisatel.

533 4299 544 4332 ⁸
562 4305 700 4371 Neknijny.

533 4386 544 4418 ⁶
561 4391 691 4459 Relipiosoe
708 4390 835 4444 kiooicmcs
852 4401 947 4458 crypta.
961 4381 1026 4443 «Iane
1038 4396 1098 4444 Isos.
1114 4389 1250 4443 Herbinius
1263 4389 1306 4442 ille
1318 4390 1398 4442 tuerat
1409 4391 1435 4442 in
1451 4389 1555 4443 Polonis

497 4490 581 4551 pastor
593 4481 728 4532 lutherunae
742 4479 799 4532 fidei
814 4504 819 4532 :
837 4480 914 4531 multa
935 4481 965 4531 ds
981 4477 1065 4534 Slavis
1076 4479 1235 4534 orientalibus
1252 4479 1369 4532 didicorat
1383 4503 1389 4532 :
1403 4480 1450 4532 etsi
1465 4477 1554 4530 critica

498 4587 583 4639 agens,
595 4577 677 4620 tamon
688 4585 736 4619 non
748 4571 803 4621 sine
812 4569 917 4621 utilitato
925 4568 1024 4636 legitur.

535 4653 545 4685 '
565 4659 630 4711 Vide
642 4659 762 4726 Pogodini
774 4666 799 4709 et
810 4657 889 4711 Grocz
901 4674 941 4724 cp.
955 4661 995 4711 cit.
