3540 5666
972 671 1009 684 ..
1028 642 1063 698 38
1082 669 1119 684 .-

515 765 631 833 Erben
652 763 1054 850 ¹Pragae‚1867‚in-8⁰.
1083 765 1282 853 sumptibus
1309 764 1444 839 maocae
1473 765 1510 834 id
1524 769 1576 833 est

514 889 687 966 societatis
698 890 892 958 litterarum
906 891 1179 960 bohemicarum.

557 1026 673 1095 Erben
689 1028 781 1096 inter
797 1028 944 1114 optimos
962 1023 1188 1096 Slooizactes
1207 1026 1365 1095 habetur.
1384 1024 1573 1094 Translatio

513 1151 590 1235 eius
604 1171 681 1219 cum
697 1153 902 1239 praefatione
919 1156 954 1220 et
971 1153 1085 1220 indice
1099 1151 1197 1221 brevi
1212 1151 1352 1237 quidem
1361 1151 1421 1218 sed
1437 1154 1571 1233 exacto,

512 1273 671 1359 polonica
694 1276 799 1359 longe
823 1276 1045 1343 meliorest:
1071 1276 1143 1343 sola
1170 1274 1310 1342 nomine
1341 1274 1573 1344 translationis

511 1414 594 1464 vere
612 1398 720 1482 digna
733 1404 796 1467 est.
807 1402 952 1468 Textum
967 1402 1158 1486 sequuntur
1173 1398 1315 1467 maximi
1331 1397 1433 1485 pretii
1445 1400 1572 1466 notulae

512 1523 548 1590 in
563 1525 687 1609 quibus
702 1544 811 1592 novas
827 1526 983 1612 reperies
1001 1526 1167 1594 lectiones
1187 1525 1344 1594 locorum
1363 1543 1451 1612 quos
1470 1543 1571 1592 nemo

511 1661 590 1728 ante
604 1660 719 1726 Erbcn
733 1659 930 1742 intelligere
941 1663 1112 1746 potuerat.

554 1786 603 1850 De
619 1785 743 1868 gallica
757 1787 981 1854 translatione
994 1806 1096 1872 quam
1109 1787 1201 1874 apud
1212 1785 1385 1853 Heideloff
1393 1788 1427 1852 et
1441 1786 1567 1869 Campe

509 1908 630 1990 edidit,
665 1927 758 1978 anno
789 1912 890 1993 1834,
921 1912 1116 1978 Ludovicus
1149 1911 1260 1992 Paris,
1277 1910 1361 1978 satis
1379 1911 1433 1976 est
1456 1908 1567 1976 dicere

508 2032 686 2096 auctorem
723 2050 847 2116 parum
879 2031 1065 2099 slavonicae
1097 2030 1229 2115 linguae
1264 2029 1416 2117 peritum
1449 2028 1565 2097 fuisse.

506 2155 665 2243 Exempli
700 2158 814 2241 gratia
855 2150 1071 2225 slavonicum
1106 2157 1318 2243 adjectivum
1365 2155 1566 2243 peczersky,

507 2279 771 2370 (peczariensis)‚
790 2282 1043 2350 substantivum
1066 2300 1195 2349 nomen
1230 2300 1306 2348 esse
1332 2279 1507 2348 existimat
1534 2281 1567 2345 et

506 2412 625 2480 scribit
654 2413 814 2499 ubique:
847 2411 880 2481 le
908 2416 1111 2480 monestere
1140 2408 1186 2479 de
1212 2407 1448 2500 Peczerskp;
1477 2409 1567 2495 quod

504 2535 642 2621 quidem
661 2537 850 2605 absurdum
866 2541 933 2619 est,
947 2536 1092 2624 perinde
1113 2557 1155 2606 ac
1170 2536 1200 2604 si
1214 2535 1291 2622 quis
1307 2561 1322 2596 α
1347 2533 1566 2603 ciceroniana

504 2661 614 2730 oratio
643 2688 658 2722 ›
687 2662 812 2746 gallice
842 2667 1039 2731 verteret«
1069 2660 1105 2730 lo
1131 2659 1320 2752 horaeque
1346 2656 1392 2728 cle
1419 2655 1565 2728 Cicero-

502 2782 623 2854 niana.
647 2789 825 2856 »Omnem
853 2789 1004 2856 auctoris
1031 2788 1183 2855 colorem
1208 2785 1365 2853 mutavit.
1396 2787 1504 2853 Recte
1532 2788 1564 2852 et

502 2906 725 2991 indulgenter
737 2911 818 2979 dicit
828 2931 870 2979 ea
882 2912 1156 2982 detranslatione
1165 2910 1395 2995 bonusjudex
1403 2910 1563 2996 princeps

502 3032 648 3101 Galitzin
660 3029 689 3099 ¹:

538 3291 550 3324 u
571 3275 637 3331 Elle
651 3288 668 3331 a
680 3273 729 3333 dte
741 3275 814 3334 faite
831 3291 888 3334 sur
899 3291 945 3334 un
955 3278 1112 3347 textepeu
1132 3277 1240 3348 exact3
1260 3274 1390 3333 ilserait
1409 3271 1560 3332 tortddt-

501 3381 514 3414 t
537 3363 616 3420 sirer
628 3365 723 3436 qu'on
733 3379 773 3422 en
783 3365 933 3436 entreprit
947 3379 1011 3423 une
1022 3366 1177 3434 nouvelle,
1190 3379 1230 3422 en
1240 3364 1428 3436 s'appuyant
1445 3377 1500 3420 sur
1517 3364 1560 3420 les

500 3454 514 3593 ζ’
535 3453 726 3614 bffilxlde
745 3456 775 3512 la
796 3454 996 3513 commission
1017 3453 1254 3528 archeologlque
1277 3453 1316 3512 de
1336 3451 1560 3511 Saint-Pdters-

543 3749 632 3826 Quid
649 3751 763 3818 valeat
779 3752 844 3820 ista
863 3752 967 3822 editio
986 3751 1241 3839 petrepolitana
1251 3752 1327 3836 Jam
1344 3769 1449 3838 supra
1467 3749 1559 3818 dixi-

497 3888 604 3941 mus:
631 3874 837 3943 editionibus
863 3880 980 3944 autem
1005 3876 1085 3943 freti
1111 3875 1318 3943 Miklosichii
1345 3879 1380 3942 et
1409 3873 1557 3958 Augusti

495 3999 696 4082 Bielowslii,
713 4019 778 4068 nec
801 4020 872 4068 non
886 4000 1068 4068 bohemica
1095 4001 1319 4070 translatione
1340 4005 1374 4067 ct
1408 4002 1558 4068 annota-

531 4211 541 4242 ¹
559 4217 644 4270 Erbsn
655 4220 763 4273 Karolus
771 4223 880 4290 egregiis
896 4230 968 4276 notus
986 4221 1136 4274 carminibus
1158 4221 1292 4274 bohemicis
1307 4229 1331 4273 et
1349 4221 1441 4275 atticis
1461 4223 1556 4275 disser-

384 4290 387 4295 ’
494 4306 629 4361 talionibus
646 4309 678 4360 de
701 4307 809 4362 Slavieis
826 4311 916 4363 subulis
934 4320 959 4364 et
979 4315 1071 4380 optimu
1089 4311 1229 4362 earumdem
1247 4311 1386 4363 fabularum
1404 4311 1554 4371 collectione,

495 4393 574 4446 editor
590 4407 741 4464 regestorum
761 4400 887 4452 Bdhemiae
905 4409 930 4452 et
943 4400 1060 4452 Moraviae
1077 4417 1159 4452 :nuuc
1172 4408 1293 4469 praeparat
1309 4402 1441 4452 editionem
1455 4418 1555 4470 operum

494 4479 676 4536 bohemicorum
689 4485 716 4540 J.
736 4487 817 4548 Huss,
836 4477 909 4555 cujus
926 4490 975 4540 duo
993 4489 1120 4541 volumius
1133 4494 1185 4556 jam
1199 4490 1320 4542 inlunem
1335 4490 1488 4558 prodierunt.

531 4568 542 4599 ¹
562 4573 748 4646 Bibliographie
760 4582 846 4644 Didot‚
857 4591 904 4634 art.
918 4581 1018 4636 Nestor.
