3540 5666
286 843 411 912 Nestor
424 848 463 909 ut
476 863 496 908 e
508 844 655 910 Danubii
671 843 844 910 littoribus
858 843 902 908 ad
916 841 1203 927 septentrionales
1224 840 1347 924 regio-

286 987 349 1035 nes
374 967 487 1053 primo
510 971 633 1052 sponte
658 984 733 1048 sua,
756 966 836 1032 dein
855 964 1060 1048 urgentibus
1078 960 1224 1030 Vlokhis
1236 962 1280 1050 (id
1295 969 1347 1032 est

288 1093 392 1160 Celtis
408 1091 464 1157 vel
480 1091 620 1177 Latinis)
633 1091 874 1174 migraverint.
887 1089 1036 1156 Vivendi
1053 1109 1186 1157 morem
1202 1089 1348 1157 Slavicae

288 1217 402 1300 gentis
417 1216 454 1282 in
469 1235 561 1282 nova
577 1218 690 1302 patria
703 1217 862 1302 depingit
880 1230 887 1280 :
907 1216 950 1281 de
966 1214 1104 1282 Polanis
1118 1233 1198 1282 cum
1221 1215 1348 1298 singu-

288 1341 352 1406 lari
365 1359 483 1407 amore
499 1340 664 1425 loquitur,
682 1342 731 1408 ita
747 1345 786 1407 ut
795 1343 876 1424 jure
891 1358 935 1405 ex
949 1358 990 1406 ea
1008 1341 1112 1421 gente
1121 1337 1288 1404 oriundus
1298 1339 1348 1403 vi-

199 1531 202 1538 .
289 1468 430 1534 deatur:
445 1469 537 1534 viam
547 1467 710 1535 describit
727 1485 804 1550 quae
822 1467 971 1551 antiquis
981 1466 1206 1551 temporibus,
1216 1487 1235 1533 e
1245 1469 1349 1538 Scan·

288 1593 427 1659 dinavia
445 1611 553 1678 usque
570 1593 613 1657 ad
626 1591 797 1658 Graeciam
811 1591 1001 1656 secuudum
1015 1591 1143 1656 flumen
1160 1591 1348 1676 Duieprum

289 1716 463 1783 ducebat:
489 1719 647 1782 sanctum
667 1714 854 1780 Andraeam
878 1714 992 1798 primo
1013 1717 1091 1799 post
1106 1714 1194 1779 J.·C.
1220 1712 1348 1779 saeculo

288 1840 453 1922 regiones
477 1840 553 1905 illas
570 1838 772 1905 lustravisse
794 1836 914 1916 refert,
955 1838 990 1901 et
1013 1807 1167 1902 futuram
1196 1834 1348 1902 nationis

289 1964 435 2030 russicae
458 1961 720 2029 conversionem
737 1960 953 2046 praedixisse.
976 1958 1111 2025 Kioviae
1129 1959 1209 2024 dein
1235 1958 1350 2042 origi-

289 2105 352 2154 nes
364 2087 505 2172 repetit:
526 2104 653 2152 nomen
670 2086 776 2170 hujus
789 2085 886 2151 urbis
899 2083 1159 2167 vicinorumque
1181 2084 1349 2151 montium

290 2211 438 2297 explicat
445 2211 586 2278 nomine
603 2210 707 2276 trium
720 2209 867 2276 fratrum
881 2228 1028 2293 quorum
1044 2227 1134 2276 unus
1147 2209 1219 2294 Kij,
1240 2212 1349 2294 majo·

288 2354 366 2401 rum
395 2334 575 2414 memoria,
606 2335 728 2402 urbem
752 2330 916 2402 condidit.
936 2334 1124 2401 Variorum
1143 2333 1349 2420 populorum

289 2461 477 2542 Ugrorum‚
497 2461 667 2527 Obrorum
684 2460 900 2527 incursiones
917 2479 1040 2546 parum
1064 2460 1156 2526 clare
1177 2459 1346 2546 exponit:

290 2585 333 2651 ad
344 2604 481 2651 morum
496 2586 762 2671 descriptionem
774 2603 936 2652 reversus
948 2585 1125 2652 variorum
1143 2586 1349 2672 populorum

289 2709 430 2775 vivendi
444 2709 627 2788 rationem,
645 2708 845 2776 Hamartolo
863 2709 950 2775 duce
972 2713 1006 2775 et
1028 2709 1169 2794 auspice
1183 2708 1344 2794 explicat.

290 2833 463 2898 Excursus
476 2851 602 2917 nempe
612 2837 704 2899 amat
716 2837 751 2898 et
763 2832 990 2899 libentissime
999 2832 1036 2898 in
1048 2831 1214 2898 chronica
1223 2850 1286 2897 sua
1297 2832 1349 2896 iu-

292 2959 389 3025 serit.

332 3083 372 3147 In
384 3081 453 3148 illis
467 3082 648 3148 duodecim
670 3082 901 3168 paragraphis
918 3083 1042 3148 Nestor
1058 3082 1348 3168 ethnographiam

289 3209 323 3272 et
346 3205 599 3291 geographiam
633 3205 788 3288 regionis
817 3223 891 3272 suae
917 3205 1090 3291 exponit:
1115 3204 1348 3307 unusquisque

287 3328 385 3412 longi
412 3333 514 3410 egeat
544 3329 782 3395 commentarii
794 3346 804 3412 ;
836 3331 936 3413 qu'us
974 3349 1044 3397 non
1071 3329 1128 3395 hic
1157 3333 1209 3396 est
1235 3329 1345 3397 locus.

289 3453 426 3519 Transit
435 3453 514 3518 dein
528 3454 571 3519 ad
587 3453 862 3536 chronologiam.
880 3456 1000 3521 Annos
1010 3473 1030 3520 a
1042 3455 1160 3521 muudi
1171 3455 1348 3522 creatione
1442 3482 1449 3503 ·

287 3595 395 3661 usque
417 3577 460 3643 ad
483 3580 630 3643 mortem
645 3577 855 3663 Sviatopulci
869 3581 1030 3644 numerat
1047 3578 1123 3645 :Ab
1148 3579 1281 3646 Adamo
1305 3578 1348 3644 ad

288 3700 454 3766 diluvium
471 3702 572 3781 2224,
588 3720 608 3766 a
623 3701 752 3766 diluvio
762 3701 805 3766 ad
819 3701 1054 3767 Abrahamum
1070 3703 1348 3782 1082111111-

287 3826 390 3892 hamo
407 3827 450 3892 ad
467 3826 585 3892 Moisis
602 3826 750 3892 exodum
765 3826 843 3905 403,
862 3825 1011 3892 allolsis
1024 3826 1134 3892 exodo
1165 3827 1209 3894 ad
1236 3824 1347 3893 David

287 3949 402 4030 oona
432 3950 563 4016 Davido
594 3951 637 4016 ad
665 3949 914 4033 Hierosolymae
939 3949 1168 4017 vastationem
1186 3950 1275 4031 318,
1303 3951 1346 4018 ab

285 4073 483 4140 Alexandro
510 4073 553 4141 ad
580 4074 755 4141 Christum
772 4076 893 4140 natum
911 4076 989 4156 333,
1009 4092 1030 4140 a
1048 4074 1186 4142 Christo
1198 4077 1278 4144 nato
1304 4075 1348 4142 ad
1417 4096 1421 4105 ·

286 4197 644 4278 Constantinum'318,
660 4216 681 4262 a
696 4197 923 4264 Constantino
946 4198 990 4264 ad
1015 4199 1264 4284 Imperatorem
1285 4196 1347 4264 Mi-

286 4326 385 4392 chael
394 4327 472 4406 542,
492 4345 512 4392 a
528 4325 694 4391 Michaele
709 4324 752 4389 ad
767 4323 915 4407 Olegum
929 4323 985 4404 23,
1001 4328 1112 4392 etc...

332 4451 508 4518 Christum
517 4451 628 4534 igitur
643 4453 763 4517 natum
779 4467 871 4516 anuo
898 4451 986 4516 5508
1001 4468 1021 4517 a
1038 4446 1157 4516 mundi
1172 4450 1348 4518 creatione

288 4574 437 4642 admittit
454 4577 602 4644 Nestor:
627 4593 704 4660 quae
727 4572 866 4660 quidem
885 4573 1112 4660 chronologia
1132 4575 1168 4644 ui
1195 4574 1309 4658 fallor,
1327 4592 1348 4642 a
