3540 5666
635 629 774 682 ..17-

169 752 754 838 ornataetabulisexplicautur1:
786 769 921 836 graecas
950 757 1066 824 autem
1097 757 1234 826 tabulas

171 877 300 945 sabulis
316 876 452 944 slavicis
467 876 691 944 intexuerunt
706 877 849 960 Bulgari
869 879 917 946 ita
936 883 976 946 ut
997 878 1232 950 difficillimum

172 1001 221 1068 sit
242 1001 360 1068 talium
376 1001 545 1067 librorum
565 1019 703 1068 sensum
718 1001 950 1088 interpretari.
970 1004 1114 1080 Quidam
1127 1006 1231 1073 etiarn

175 1145 223 1192 ex
237 1126 291 1192 his
303 1126 413 1207 libris,
421 1127 479 1212 qui
497 1143 615 1208 graeco
633 1109 729 1192 textu
743 1145 813 1192 non
828 1128 1231 1214 reperiuntur,videutur

170 1249 301 1316 slavica
315 1250 435 1336 scripti
446 1250 572 1333 suisse3
585 1268 706 1316 eorum
715 1249 812 1316 multi
827 1254 963 1318 exstant
978 1252 1090 1318 adhuc
1102 1252 1232 1320 indices
1276 1313 1278 1320 ,

176 1374 375 1458 praesertim
389 1374 426 1440 in
440 1373 527 1440 libro
543 1373 671 1440 slavico
687 1373 779 1441 dicto
793 1393 1049 1444 uomocooooc.

218 1499 325 1565 Erant
339 1517 475 1583 quoque
489 1498 568 1564 libri
584 1498 740 1582 ejusdem
757 1499 849 1564 modi
863 1499 1008 1566 debello
1024 1501 1173 1584 trojane,
1188 1503 1231 1568 de

172 1622 386 1703 Alexandro,
411 1625 477 1688 etc.
499 1622 560 1688 His
583 1625 699 1688 autern
719 1622 816 1688 libris
836 1623 920 1707 quin
940 1643 1023 1690 usus
1041 1623 1085 1691 sit
1107 1626 1231 1692 Nestor

172 1763 277 1812 nemo
298 1764 415 1812 rerum
438 1746 569 1832 peritus
586 1746 742 1812 dubitare
760 1749 884 1831 potest.
903 1747 999 1814 Unde
1016 1747 1233 1815 narrationes

172 1889 255 1938 suas
271 1871 521 1956 deprompserit
540 1889 621 1936 raro
642 1871 807 1937 lectorem
825 1874 954 1937 monet.
971 1872 1103 1938 Passim
1116 1876 1232 1940 tamen

176 1995 339 2061 Methodii
362 1995 559 2061 Patarensis
587 1995 644 2060 vel
661 1995 827 2061 Johannis
850 1994 996 2075 Malalae,
1013 1996 1069 2062 vel
1090 1997 1231 2080 Georgii

175 2119 364 2185 Hamartoli
401 2119 639 2186 auctoritatem
676 2118 853 2184 invocat¹.
894 2118 1061 2185 Johannis
1099 2120 1232 2188 Malalae

175 2243 303 2329 scripta
316 2242 533 2325 bulgaricum
547 2243 583 2307 in
602 2259 797 2308 sermonem
811 2258 913 2307 versa
926 2241 1032 2308 fuisse
1043 2243 1117 2326 jam
1140 2243 1234 2310 dixi-

175 2386 251 2433 mus
262 2385 272 2450 ;
289 2367 433 2434 aliorum
457 2371 571 2433 autem
597 2366 735 2433 slavicae
753 2366 996 2433 translationes
1016 2385 1086 2434 non
1108 2386 1234 2452 reper-

175 2497 221 2559 tae
238 2494 329 2558 sunt.
360 2491 505 2573 Linguae
535 2508 620 2557 vero
648 2509 776 2574 graecae
805 2490 944 2558 omnino
972 2491 1095 2558 rudem
1127 2491 1232 2560 luisse

176 2623 358 2689 Nestorem
384 2621 565 2703 existim03
590 2621 664 2706 ipse
688 2619 795 2699 enim,
814 2638 884 2685 non
914 2621 1018 2687 credo
1045 2621 1234 2690 christiana

172 2748 306 2811 tantum
315 2744 504 2810 humilitate
518 2748 643 2825 motus,
655 2761 692 2809 se
702 2743 802 2808 valde
818 2743 980 2825 ignarum
994 2763 1070 2812 esse
1081 2743 1231 2828 latetur⁸;

174 2868 237 2934 sed
265 2872 444 2934 auctorum
470 2865 514 2932 ad
542 2884 628 2950 quos
655 2865 805 2932 recurrit
825 2867 1083 2946 translationem
1104 2869 1233 2952 bulga-

174 2991 284 3058 ricam
305 2991 341 3056 in
359 3009 464 3058 manu
478 2990 609 3066 hahuit,
622 2993 681 3056 aut
696 2989 894 3071 fragmenta
908 2989 944 3056 in
955 2985 1095 3058 Pataets
1110 2995 1232 3062 nactus

170 3118 237 3181 est.

218 3238 399 3305 slavonica
414 3255 550 3323 quoque
563 3237 684 3319 lingua
699 3237 828 3324 scripta
842 3241 922 3306 ante
934 3239 1115 3310 Nestorem
1126 3243 1232 3312 tuisse

170 3364 324 3432 arbitror
347 3362 405 3428 illa
424 3363 616 3428 Russorum
639 3379 718 3427 cum
745 3362 875 3428 Graecis
894 3363 1029 3430 foedera
1047 3365 1084 3432 in
1099 3369 1230 3435 textum

172 3488 350 3557 annalium
374 3490 526 3573 recepta.
556 3485 702 3562 Quidam
733 3487 987 3556 contenderunt
1014 3489 1072 3557 illa
1097 3491 1231 3560 soedera

171 3617 253 3682 ficta
280 3612 336 3680 vel
364 3612 507 3697 abipso
537 3612 683 3676 Nestore
710 3611 766 3676 vel
799 3614 878 3698 post
907 3613 1061 3679 Nestoris
1091 3617 1229 3683 aetatem

209 3893 217 3924 ¹
236 3898 303 3950 Vide
315 3897 457 3965 Chassang,
472 3896 582 3948 aarum
594 3897 627 3948 du
637 3913 720 3947 roman
729 3896 789 3947 dam
803 3895 949 3961 t’anrtqatrr.

207 3982 218 4012 ¹
236 3987 275 4037 De
284 3987 417 4053 hulgericis
426 3987 514 4037 litteris
525 3989 676 4052 scripserunt
685 3984 786 4036 Salarik
795 3984 861 4052 apud
870 3981 977 4052 Ctsopis
988 3983 1103 4037 Ceskeho
1115 3988 1228 4040 Momm

172 4073 256 4144 (mune
267 4076 382 4126 litteratim
393 4075 427 4124 du
436 4075 552 4126 Mundum
563 4076 595 4124 de
604 4073 711 4141 Progne.
722 4080 800 4125 annea
811 4069 883 4137 18⁴7).
896 4099 933 4108 -
946 4075 1048 4126 Hottela
1060 4077 1085 4126 in
1097 4077 1228 4130 Bohamics

170 4165 356 4232 Eneyclopedia
364 4163 412 4214 snb
422 4181 481 4214 voce
491 4163 644 4231 Balgari.-
656 4164 754 4230 Pypine
774 4165 799 4214 in
812 4163 914 4214 historia
936 4163 1080 4214 slavicorum
1095 4165 1229 4218 litterarum

174 4248 428 4320 (mssioel‚Petropolt‚
437 4251 653 4304 lade-Ultimus
661 4253 770 4303 omnium
781 4251 798 4303 J
800 4255 864 4320 ngic.
877 4255 903 4302 in
916 4251 1230 4306 historicam-croatiae-

168 4359 226 4394 ιω
236 4342 380 4402 litterarum,
392 4341 529 4408 Zograbiae.
544 4337 656 4408 (Aprem
664 4335 737 4408 18⁶7).
745 4364 776 4376 ·-
786 4340 903 4408 Plerique
912 4341 1119 4410 peloeobolgariri
1134 4343 1231 4398 codices

171 4432 282 4484 nondun
292 4434 320 4486 iu
338 4431 417 4481 lucem
430 4439 558 4480 merant.

205 4514 220 4546 ⁸
236 4520 312 4588 Apud
327 4521 469 4572 Patarikon.

1076 4615 1092 4662 2
