3540 5666
1022 747 1165 803 ..20-

566 921 687 976 eorum
698 910 960 998 Homericorum
974 911 1173 977 nuntiorum
1186 910 1244 996 qni
1255 927 1375 976 omnes
1390 910 1534 978 heroum
1546 929 1630 979 ora-

569 1035 680 1102 tiones
703 1036 747 1100 ad
769 1035 914 1102 verbum
938 1035 1108 1119 referunt3
1128 1055 1193 1103 nec
1208 1035 1359 1121 alioquin
1383 1036 1442 1103 illa
1464 1040 1622 1105 narratio

510 1181 515 1191 ·
566 1160 739 1244 posterior
756 1159 969 1227 intercalatio
992 1161 1221 1228 existimanda
1241 1164 1294 1228 111
1316 1180 1395 1227 cum
1418 1162 1624 1246 antiquissi-

567 1282 633 1349 mis
659 1283 695 1348 in
720 1285 894 1351 codicibus
919 1284 1110 1370 reperiatur
1143 1289 1177 1351 et
1197 1287 1321 1352 Nestor
1344 1285 1417 1370 ipse
1449 1286 1493 1353 ad
1529 1285 1624 1352 illam

570 1404 662 1490 (ann.
680 1407 775 1494 1098)
794 1427 831 1474 se
847 1407 987 1474 reserat.

1043 1716 1065 1798 g
1088 1715 1146 1781 111.

612 2027 719 2094 Valde
734 2031 827 2094 errat
840 2029 897 2113 qui
915 2029 1049 2094 Nestori
1074 2024 1238 2095 historici
1262 2047 1389 2096 nomen
1413 2029 1494 2097 dare
1511 2031 1596 2097 velit
1614 2043 1625 2096 τ

567 2152 658 2218 inter
671 2151 785 2218 Livios
799 2157 834 2219 et
848 2153 1062 2237 Thucydides
1079 2156 1113 2219 11
1127 2157 1283 2219 nostrum
1297 2154 1524 2221 kioviensiem
1543 2175 1625 2221 mo-

568 2276 718 2341 nachum
744 2276 838 2342 nulla
865 2281 917 2342 111
944 2277 1129 2356 similitudo
1150 2277 1314 2343 :illorum
1341 2279 1426 2347 artis
1449 2279 1622 2345 scribendi

526 2463 528 2470 .
569 2399 816 2482 magistrorum
824 2420 868 2466 ne
883 2420 1010 2468 nomen
1023 2402 1160 2486 quidem
1174 2402 1292 2468 novit:
1310 2402 1502 2486 byzantinis
1517 2403 1624 2469 modo

569 2523 846 2610 chronographis
877 2526 1072 2610 comparari
1103 2525 1211 2611 possit
1240 2540 1248 2590 :
1277 2544 1424 2610 quorum
1461 2527 1624 2610 bulgari-

569 2665 627 2714 cas
640 2651 771 2714 tantum
787 2649 1028 2715 translationes
1043 2649 1079 2714 in
1100 2668 1205 2715 manu
1219 2650 1350 2717 habuit.
1370 2651 1543 2740 Chronica
1558 2670 1623 2736 nec

568 2773 604 2839 in
633 2772 739 2840 libros
770 2794 833 2841 nec
857 2775 892 2840 in
913 2775 1057 2842 decades
1087 2776 1311 2842 dividuntur:
1344 2793 1429 2842 xour
1449 2793 1624 2862 paragra-

568 2899 656 2984 pbos
670 2900 847 2967 continent
856 2901 1034 2967 breviores
1048 2901 1103 2966 vel
1116 2900 1293 2982 longiores
1308 2901 1496 2966 secundum
1505 2920 1622 2967 rerum

569 3022 787 3103 gravitatem.
807 3024 979 3091 Chronica
992 3025 1133 3110 proprie
1150 3024 1240 3090 dicta
1257 3027 1279 3108 ἓ
1294 3042 1358 3090 xm
1384 3024 1565 3109 incrpiunt.
1582 3028 1621 3090 ln

569 3144 690 3229 primis
706 3147 886 3213 duodecim
909 3149 1031 3214 Nestor
1048 3152 1086 3214 ut
1099 3148 1253 3234 plerique
1268 3148 1372 3214 medii
1389 3149 1456 3216 aevi
1471 3147 1623 3234 scripto-

526 3351 529 3354 ,
568 3286 625 3334 111
640 3269 796 3350 gentium
811 3270 982 3352 originem
994 3271 1161 3356 explicat:
1179 3276 1299 3339 narrat
1309 3277 1348 3339 11
1361 3276 1439 3358 post
1456 3272 1623 3340 diluvium

567 3396 638 3458 tres
661 3393 721 3459 filii
740 3394 813 3460 Noe
839 3395 929 3462 inter
957 3415 994 3463 11
1018 3398 1136 3463 orbem
1162 3400 1332 3462 terrarum
1359 3396 1556 3477 dividerint,
1585 3402 1623 3463 ut

564 3518 709 3602 lapheto
735 3535 835 3586 Lxxn
861 3520 978 3606 populi
1006 3520 1215 3602 contigerint
1243 3521 1333 3587 inter
1357 3539 1441 3604 quos
1470 3520 1624 3586 Slavicus

566 3643 812 3710 adnumeratur
839 3656 847 3710 :
874 3647 998 3712 horum
1025 3646 1231 3731 populorum
1270 3645 1411 3711 nomina
1446 3648 1624 3710 mutuatur

564 3767 689 3834 Nestor
705 3787 724 3833 1
739 3768 912 3835 chronicis
923 3770 1089 3836 iohannis
1098 3770 1286 3835 Hamartoli
1302 3769 1461 3834 monachi
1476 3787 1623 3852 quorum

565 3891 779 3974 bulgaricam
793 3893 987 3959 versionem
1004 3893 1041 3959 in
1051 3895 1213 3978 promptu
1227 3893 1374 3960 babebat
1387 3911 1397 3976 3
1415 3896 1545 3958 textum
1556 3893 1624 3957 Ha-

565 4020 702 4086 martoli
716 4039 786 4087 non
804 4022 847 4086 ad
865 4023 1009 4088 verbum
1029 4021 1181 4106 sequitur
1198 4021 1346 4088 Nestor:
1366 4019 1514 4105 exempli
1536 4037 1624 4102 gra-

563 4145 612 4211 tia
626 4145 669 4211 ad
687 4165 808 4212 vocem
825 4143 984 4212 Iliourik
999 4145 1192 4233 (Illyricum)
1209 4143 1303 4212 addit
1321 4142 1510 4224 81011111·
1525 4147 1623 4230 putat

491 4270 494 4280 '
563 4271 655 4337 enim
685 4271 860 4354 Illyricum
883 4290 903 4336 a
929 4271 1037 4337 Slavis
1062 4270 1248 4355 antiquitus
1274 4270 1464 4337 habitatum
1500 4267 1620 4334 fuisse.

562 4396 692 4460 Forsan
708 4394 841 4476 glosam
871 4396 960 4460 banc
978 4414 997 4460 e
1013 4393 1194 4476 bulgarica
1215 4393 1438 4460 translatione
1455 4393 1622 4477 desump-

563 4517 617 4584 sit.
651 4518 754 4585 Venit
777 4519 940 4604 deinceps
964 4520 1177 4587 enumeratio
1200 4519 1379 4586 fluminum
1398 4523 1432 4584 et
1460 4518 1622 4602 gentium

563 4643 806 4728 septentrionis
823 4648 857 4711 et
870 4644 1083 4712 subobscura
1100 4645 1279 4712 slavorum
1311 4643 1467 4711 historia.
1494 4645 1620 4710 Narrat
