3540 5666
666 645 705 657 ..
726 619 759 670 37
776 647 815 657 ..

210 740 380 828 polonieae
390 739 547 806 bimriae
563 742 754 807 collectioni
769 763 846 827 qnae
859 746 952 810 inter
965 749 1271 831 praestantissimas

209 871 315 954 hujus
334 869 468 948 saeonli,
484 869 670 934 dnmmodo
686 873 1095 956 perficiam-eminebit.
1115 877 1272 945 Nestoris
1393 944 1398 952 .

210 993 359 1060 annales·
375 991 412 1058 in
433 994 547 1078 primo
567 996 742 1060 volumine
761 1016 784 1061 a
802 999 934 1082 pagina
947 1000 1012 1063 521
1035 1000 1082 1064 ad
1104 1003 1272 1086 paginam

210 1117 516 1184 835oennnenmr.
532 1120 680 1185 textum
695 1122 897 1206 hypaticum
910 1125 1068 1208 seqnitur
1082 1125 1271 1193 Bielowski

208 1243 1271 1332 variisauctnmlertionibus:praeeeditinrnlentadissertetio:

208 1369 350 1435 nomina
363 1371 505 1456 propria
523 1371 630 1436 index
642 1373 809 1438 eontinet.
824 1376 1039 1442 Panrissinm
1053 1395 1143 1460 ergo
1156 1379 1194 1444 in
1204 1377 1270 1443 har

207 1495 357 1562 editione
375 1497 603 1563 desideranda
615 1498 702 1564 mibi
717 1499 892 1566 videntur.

250 1620 303 1686 Ex
324 1620 383 1686 illa
409 1620 615 1686 recensione
643 1622 803 1688 tidemns
831 1624 919 1690 duas
945 1629 1083 1692 tantum
1114 1626 1272 1692 Nestoris

206 1745 316 1812 bonas
334 1764 412 1812 esse
426 1745 609 1824 editiones,
628 1746 836 1812 ltilnlom'rbii
855 1748 989 1813 scilieet
1013 1753 1050 1814 et
1067 1749 1268 1816 Rielowski.

208 1870 273 1946 Qui
284 1871 330 1936 ad
342 1870 428 1936 alias
445 1875 605 1936 recurret
620 1891 745 1956 parum
763 1873 828 1937 sibi
844 1877 879 1938 et
895 1873 973 1938 aliis
988 1875 1159 1958 proderit.

253 1997 419 2072 Quaedam
435 2016 541 2075 nunc,
552 2000 590 2061 ut
605 1997 703 2082 operi
712 1999 818 2063 finem
835 1999 975 2080 faciam,
986 2002 1097 2068 verba
1108 2001 1152 2066 de
1164 2001 1274 2067 variis

209 2121 386 2188 annalium
398 2122 682 2188 translationibus
690 2123 837 2189 dicenda
852 2130 945 2191 sunt.

252 2249 295 2312 A.
327 2247 583 2314 Translationes
615 2249 840 2330 germanioae.
882 2251 972 2316 Ante
1012 2249 1275 2318 Schloetneriuni

209 2372 388 2439 translatio
415 2371 510 2437 edita
539 2377 594 2437 est
619 2372 780 2456 quaedam
795 2374 951 2439 Nestoris
968 2392 1072 2460 quam
1098 2393 1144 2440 ne
1171 2393 1276 2441 men-

209 2495 303 2562 tione
329 2496 469 2581 quidem
502 2495 648 2578 dignam
682 2515 760 2562 esse
792 2503 877 2583 puto
897 2499 929 2581 ¹;
970 2500 1014 2565 de
1047 2499 1275 2566 translatione

210 2621 422 2687 Sebloetzerii
450 2621 592 2702 eadem,
625 2639 705 2706 quae
737 2622 781 2687 de
813 2627 913 2690 texto
938 2629 974 2691 et
1003 2625 1274 2707 commentario,

210 2746 278 2812 dici
292 2749 449 2832 possunt.
464 2748 547 2813 Post
560 2746 824 2812 Schloetnerium
833 2747 941 2813 edidit
956 2748 1092 2814 Mulier.
1105 2747 1274 2829 Berolini,

211 2873 310 2939 1812.
348 2873 583 2939 Altrnssisebe
618 2873 823 2955 geschichte
859 2874 950 2938 nach
981 2875 1117 2940 Nestor.
1146 2873 1274 2939 Parnm

209 2997 387 3083 probabile
405 3016 505 3083 opus
1213 3015 1218 3052 :

253 3125 293 3190 B.
320 3123 508 3190 Polonicae.
539 3124 747 3190 Kotkowski
779 3125 963 3190 Nestorem
993 3123 1174 3209 usquead
1207 3140 1275 3190 an—

208 3247 293 3318 num
306 3250 371 3315 984
390 3243 768 3316 satis'fidelitervertit.
797 3250 899 3336 Apud
926 3247 1114 3316 Bieldwski
1145 3249 1277 3316 Ruthe-

207 3393 274 3442 nus
305 3355 527 3458 Vahylewioz
558 3373 654 3440 dedit
685 3373 949 3458 translationem
978 3372 1175 3459 polonicam
1196 3351 1277 3440 'ele-

208 3503 351 3582 gantem
373 3498 513 3586 quidem
545 3500 607 3567 sed
634 3499 784 3566 celerius
811 3499 1006 3566 confectam
1032 3513 1041 3563 ε
1070 3499 1154 3584 quid
1174 3497 1276 3566 facile

206 3624 395 3720 intellectu,
405 3626 487 3711 quid
501 3625 638 3691 difficile
656 3628 747 3691 esset
768 3629 889 3691 auctor
907 3624 1074 3691 nonsatis
1092 3623 1192 3711 pensi
1208 3623 1277 3690 ha-

206 3749 293 3831 buit,
326 3769 419 3836 saepe
451 3752 598 3817 verbum
625 3751 669 3816 ad
700 3750 847 3817 verbum
874 3749 1040 3816 transfert
1075 3751 1110 3815 et
1135 3766 1276 3816 sensum

207 3874 306 3961 parvi
334 3875 417 3942 feeit
434 3891 441 3940 :
459 3876 625 3943 obscuras
641 3893 747 3942 voces
764 3873 957 3942 slavonicas
967 3865 1137 3964 polonice
1158 3876 1276 3940 trans-¹

211 3998 325 4081 cribit,
342 4020 406 4067 neo
417 4004 556 4088 reputat
568 4020 690 4068 vocem
707 4019 803 4066 mera
811 3997 1078 4085 transcriptione
1091 3997 1275 4066 clariorem

210 4143 282 4192 non
304 4125 393 4192 fieri.

256 4249 294 4314 G.
337 4249 547 4316 Bohemieee.
567 4251 749 4318 Nestorem
766 4247 954 4317 Bohemieo
982 4263 1148 4334 sermone
1169 4245 1275 4315 edidit

248 4519 256 4550 ¹
278 4527 343 4578 Vide
363 4528 479 4580 Daunou.
498 4528 603 4584 Journal
614 4532 654 4584 dee
667 4527 780 4592 davaiaco,
793 4529 845 4580 loeo
857 4529 940 4579 citato.
