3540 5666
973 637 1008 650 ...
1025 609 1060 666 28
1077 636 1113 651 .-

517 732 642 812 tiones‚
657 731 759 814 signa
769 730 951 798 coelestia?
968 733 1062 799 Talia
1071 735 1196 800 Nestor
1204 752 1275 800 non
1285 735 1388 801 modo
1398 736 1523 821 accipit
1536 753 1579 802 ac

519 854 640 935 refert,
665 854 726 920 sed
751 854 854 920 etiam
864 858 903 920 ut
916 856 1101 923 volontatis
1119 857 1246 924 divinae
1260 857 1577 943 nuntiosinterpre·

518 983 620 1045 tatur.
642 980 719 1063 Ipse
737 983 852 1045 autem
871 980 936 1045 etsi
952 983 1022 1046 tam
1043 981 1217 1062 credulus,
1241 1000 1279 1048 se
1297 982 1575 1067 superstitiosum

519 1120 596 1166 esse
612 1104 730 1183 negat,
748 1103 980 1187 temporisque
991 1104 1044 1169 sui
1060 1105 1339 1190 superstitionem
1352 1107 1576 1174 vehementer

519 1226 686 1310 increpat.
711 1228 899 1292 Memorata
913 1228 1059 1312 quadam
1086 1229 1327 1297 Polovtsorum
1360 1231 1575 1311 incursione,

520 1350 645 1416 asserit
656 1349 764 1415 seram
774 1350 863 1416 hanc
877 1351 1052 1418 nationem
1066 1352 1102 1418 in
1117 1357 1245 1422 terram
1255 1355 1426 1421 russicam
1441 1356 1485 1423 ob
1499 1356 1576 1438 ejus

521 1477 662 1558 peccata
685 1492 707 1539 a
729 1476 799 1540 Deo
826 1475 1003 1542 dimissam
1031 1477 1153 1558 fuisse,
1177 1483 1212 1545 et
1233 1497 1329 1544 more
1360 1498 1423 1545 suo
1448 1479 1578 1564 aliquot

519 1597 631 1664 lineas
645 1598 797 1664 homiliae
814 1599 908 1665 addit
922 1614 929 1663 :

548 1757 562 1789 a
575 1739 619 1796 Ne
627 1751 708 1795 nous
717 1741 864 1811 appelons
873 1755 929 1811 pas
940 1739 1095 1797 cbretiens
1106 1755 1145 1796 en
1156 1742 1399 1812 paroles,rivant
1408 1757 1448 1798 en
1457 1745 1575 1813 paiens3

520 1858 564 1912 or,
581 1858 621 1901 ne
637 1844 840 1902 vivens-nous
853 1861 909 1917 pas
922 1861 961 1902 en
973 1851 1090 1917 paienS,
1108 1849 1214 1918 quand
1229 1863 1309 1904 nous
1328 1863 1461 1918 croyons
1475 1847 1492 1904 d
1507 1849 1578 1904 l’in-

521 1951 640 2007 lluence
654 1951 708 2008 des
718 1955 909 2008 rencontresl
925 1953 1017 2010 Garsi
1031 1953 1203 2025 quelqu'un
1217 1955 1379 2010 rencontre
1397 1969 1441 2010 un
1462 1955 1574 2014 moine.

521 2057 544 2113 il
557 2060 704 2114 retourne
718 2074 772 2114 sur
787 2072 837 2114 ses
848 2073 904 2129 pas
920 2073 1038 2115 comme
1055 2059 1102 2114 s'il
1121 2059 1202 2114 avait
1214 2058 1375 2115 rencontre
1388 2075 1433 2115 un
1443 2060 1577 2131 sanglier

521 2179 562 2218 ou
575 2179 620 2220 un
634 2164 751 2220 cochon
765 2165 784 2220 ¹.
807 2166 939 2221 N‘est-ce
957 2180 1013 2236 pas
1030 2165 1097 2236 agir
1115 2179 1154 2220 en
1173 2167 1301 2236 palens?
1324 2165 1406 2222 C’est
1424 2166 1578 2221 vraiment

521 2270 625 2327 suivre
639 2272 685 2327 les
700 2272 854 2328 doctrines
874 2272 916 2328 du
936 2271 1045 2339 diablo,
1067 2287 1127 2343 que
1146 2271 1183 2327 de
1198 2269 1306 2328 tenird
1321 2272 1359 2328 de
1372 2273 1460 2328 telles
1471 2287 1578 2342 super-

522 2377 660 2432 stitious!
681 2377 823 2434 D'autres
842 2379 959 2434 croient
974 2376 991 2433 a
1006 2377 1252 2434 l’eternuement.
1269 2377 1357 2433 Ainsi
1378 2378 1406 2434 16
1425 2377 1524 2435 diablo
1544 2393 1577 2434 se

521 2483 683 2539 manifeste
700 2480 776 2540 dans
789 2499 840 2540 ces
852 2482 1017 2541 habitudes
1033 2488 1063 2542 et
1078 2484 1155 2541 dans
1171 2485 1314 2554 d'autreS,
1327 2500 1408 2541 nous
1422 2484 1578 2556 eloignant

522 2587 560 2644 de
574 2588 654 2645 Dieu
672 2603 728 2660 par
741 2592 826 2646 toute
842 2589 950 2659 espeoe
960 2588 1116 2658 d'artifice,
1131 2605 1204 2648 avec
1216 2589 1271 2648 des
1285 2592 1467 2662 tmmpettes
1479 2593 1510 2647 et
1523 2591 1577 2648 des

521 2695 683 2766 prestiges,
697 2695 751 2752 des
769 2696 854 2766 lyres
872 2697 903 2751 et
924 2696 978 2752 des
991 2694 1067 2752 letes
1082 2696 1254 2768 magiques.
1285 2697 1370 2752 Nous
1394 2709 1515 2766 voyons
1533 2695 1578 2752 les

520 2801 607 2856 lieux
623 2800 677 2856 des
695 2801 819 2871 plaisirs
833 2800 1012 2857 encombres
1025 2800 1117 2858 d‘une
1138 2800 1219 2857 loule
1233 2801 1288 2872 qui
1307 2800 1355 2871 s'y
1372 2815 1479 2871 presse
1499 2815 1578 2871 pour

520 2909 709 2977 contempler
726 2909 772 2964 les
783 2909 949 2977 spectacles
962 2906 1104 2963 inventes
1116 2920 1171 2977 par
1182 2908 1210 2964 le
1223 2905 1345 2969 demon,
1360 2908 1391 2961 et
1405 2907 1450 2962 les
1465 2905 1577 2976 eglises

520 3014 703 3071 domeurent
714 3013 812 3081 vidae,
828 3017 858 3069 et
876 3014 982 3084 quand
996 3014 1082 3069 vient
1094 3013 1212 3068 l’heure
1226 3011 1282 3068 des
1293 3009 1397 3068 offices
1415 3027 1455 3068 on
1469 3019 1576 3072 trouve

518 3131 579 3188 peu
590 3118 627 3174 de
640 3117 745 3174 fideles
756 3118 833 3175 dans
841 3122 870 3176 16
880 3109 1003 3190 ¹temple.
1015 3121 1110 3177 Aussl
1120 3123 1223 3176 tontes
1232 3122 1331 3174 sortes
1344 3117 1382 3174 de
1391 3119 1577 3177 cbdtimenls

518 3238 599 3280 nous
612 3227 772 3282 attendent
783 3227 821 3283 de
836 3228 865 3280 la
878 3230 946 3297 part
957 3226 994 3283 de
1010 3226 1099 3282 Dieu.
1121 3247 1134 3278 a

564 3351 731 3418 Credulus
746 3355 780 3418 et
797 3351 943 3435 simplex
963 3352 1117 3434 fingendi
1141 3358 1250 3419 artem
1268 3354 1392 3419 Nestor
1412 3353 1573 3435 ignorat:

515 3476 608 3543 illius
623 3476 710 3542 liber
720 3482 758 3543 ut
770 3477 870 3542 fidele
886 3476 1063 3561 speculum
1076 3494 1196 3542 veram
1213 3475 1325 3542 reddit
1341 3475 1442 3542 nobis
1458 3476 1577 3542 mundi

513 3605 789 3688 varego—slavici
823 3603 1023 3686 imaginem.
1054 3604 1141 3669 Hinc
1162 3603 1341 3696 principes
1374 3603 1576 3670 circumdati

514 3731 687 3797 sociorum
705 3734 798 3797 coetu
822 3731 896 3796 sive
920 3726 1082 3818 drtp't'nu,
1100 3728 1194 3795 illinc
1217 3728 1377 3794 monachi
1401 3732 1436 3794 et
1459 3728 1575 3810 begu-

511 3856 617 3937 meni,
642 3857 733 3923 infra
763 3857 909 3941 populus
927 3855 1102 3923 anarcbiae
1124 3859 1161 3920 ut
1182 3854 1302 3920 Slavos
1317 3853 1414 3919 decet
1437 3871 1573 3936 amans,

515 3981 601 4047 tales
619 3984 699 4047 sunt
713 3982 898 4066 praecipuae
925 3980 1080 4047 Nestoris
1098 3995 1274 4064 personae;
1305 3997 1425 4045 omnes
1451 3979 1573 4046 vivunt

508 4109 543 4171 et
568 4108 690 4188 agunt,
707 4104 877 4171 sentiunt:
897 4104 1055 4170 homines
1072 4105 1179 4170 babes
1196 4105 1274 4168 ante
1290 4103 1421 4186 oculis;
1436 4105 1574 4171 *Nestor

507 4229 653 4296 virtutes
678 4234 712 4295 61
737 4229 821 4295 vitia
858 4229 979 4295 eodem
1013 4228 1145 4295 calamo
1175 4227 1339 4295 describit
1378 4242 1385 4292 :
1435 4247 1573 4296 morum

504 4353 676 4420 feritatem
696 4373 768 4420 non
785 4354 988 4428 dissimulat.
1006 4353 1107 4438 Apud
1121 4354 1286 4436 ,juvenem
1302 4351 1471 4438 populum
1486 4351 1572 4420 luo-

538 4491 547 4522 *
567 4481 718 4564 Hujusrnodi
733 4503 875 4568 superstitio
888 4502 968 4552 adhuc
982 4508 1063 4552 exstat
1076 4503 1103 4550 in
1115 4500 1227 4551 Polonis.
