3540 5666
889 666 1032 723 ...22-

436 831 633 918 Byzantinis
650 837 792 919 accepta
805 835 1005 902 mathomo
1019 835 1119 916 6360,
1134 833 1169 904 id
1185 839 1238 904 est
1252 837 1330 916 852,
1345 835 1495 924 primum

436 962 660 1028 nominantur
681 960 800 1028 Russi.
833 962 885 1027 Ex
903 961 961 1028 illo
976 979 1067 1027 anno
1089 963 1213 1030 Nestor
1236 981 1408 1032 annorum
1435 983 1496 1032 se-

435 1085 523 1152 riem
546 1085 698 1151 scribere
731 1085 884 1169 incipit:
922 1086 1100 1152 duodecim
1138 1087 1241 1172 primi
1282 1088 1496 1174 paragraphi

436 1209 494 1294 qui
524 1208 685 1294 prooemii
720 1208 834 1275 locum
861 1211 979 1277 tenent
1006 1209 1136 1276 nullam
1174 1229 1345 1279 annorum
1379 1212 1496 1280 ierunt
1536 1299 1540 1308 ι

436 1334 708 1404 indicationem:
727 1335 763 1400 in
780 1334 909 1419 aliquot
935 1335 1111 1402 codicibus
1143 1335 1268 1402 desunt
1274 1353 1284 1419 ;
1314 1335 1351 1402 in
1367 1336 1497 1421 aliquot

436 1461 624 1546 separatim
656 1461 832 1543 legrmtur.
877 1460 930 1525 Ad
970 1459 1227 1547 paragraphum
1267 1479 1334 1528 xm
1368 1463 1498 1530 merito

436 1583 560 1650 reterri
575 1587 688 1668 potest
704 1584 824 1650 titulus
838 1583 936 1651 initio
954 1584 1070 1670 operis
1090 1585 1276 1672 inscriptus
1295 1601 1302 1652 :
1321 1612 1336 1647 ι
1351 1589 1436 1654 Haec
1445 1591 1498 1655 est

437 1707 582 1774 historia
599 1711 755 1816 veterum
765 1712 973 1793 temporum,
984 1709 1077 1775 unde
1090 1710 1225 1776 venerit
1240 1713 1332 1778 terra
1349 1712 1496 1794 russica,

436 1831 513 1917 quis
528 1831 660 1916 primus
674 1831 808 1897 Kioviae
823 1834 1037 1915 regnaverit,
1055 1834 1147 1900 unde
1163 1833 1312 1901 Russica
1329 1833 1422 1900 terra
1437 1834 1499 1900 du-

437 1957 492 2022 cat
506 1971 605 2021 suam
622 1953 837 2037 originem.»
858 1957 972 2040 Usque
990 1957 1033 2044 ad
1051 1975 1180 2023 annum
1196 1957 1279 2022 1051
1297 1957 1422 2023 Nestor
1439 1973 1499 2022 an·

436 2097 501 2147 nos
518 2082 651 2145 tantum
674 2079 823 2146 indicat:
841 2079 932 2146 diem
951 2081 1054 2147 modo
1075 2080 1271 2166 principum
1295 2081 1419 2148 mortis
1443 2099 1500 2148 re·

436 2203 525 2286 tert3
554 2206 596 2272 ab
612 2222 704 2270 anno
723 2206 806 2270 1051
832 2223 899 2289 quo
927 2205 963 2270 in
985 2193 1406 2290 monasteriumreceptus
1420 2207 1494 2272 est:

437 2326 528 2392 diem
546 2331 579 2393 et
594 2346 760 2407 mensem,
777 2328 880 2394 etiam
903 2327 1084 2414 aliquoties
1098 2330 1222 2396 horam
1246 2328 1419 2412 gravioris
1441 2346 1503 2396 cu·

433 2453 561 2536 jusque
575 2455 720 2518 eventus
740 2451 859 2518 refert.

481 2575 655 2642 Chronica
670 2576 860 2643 secundum
874 2593 1044 2644 annorum
1062 2577 1189 2643 seriem
1207 2575 1305 2661 sequi
1329 2593 1400 2641 non
1418 2579 1499 2641 ten-

437 2701 517 2767 tabo
533 2697 550 2766 ':
568 2701 624 2767 vel
639 2701 864 2768 summarium
894 2702 977 2767 dare
1001 2699 1239 2770 difficillimum
1270 2704 1348 2784 est;
1367 2699 1500 2768 nullum

437 2820 531 2888 enim
547 2823 794 2904 ordinem,nisi
803 2823 1089 2906 chronologicum
1099 2823 1248 2890 admittit
1258 2826 1378 2890 noster
1391 2822 1499 2908 scrip-

437 2946 492 3009 tor
509 2959 517 3009 :
537 2946 638 3025 bella,
653 2951 781 3032 pesteS,
804 2947 908 3030 signa
932 2947 1097 3025 coelestia,
1119 2945 1315 3031 principum
1338 2947 1498 3024 mortem,

437 3069 616 3150 miracula,
629 3072 692 3138 sub
702 3072 823 3137 eodem
839 3090 930 3137 anno
942 3071 1015 3137 sine
1026 3071 1096 3137 ullo
1109 3068 1496 3151 discriminecongerit3

438 3192 603 3291 lectorem
626 3194 729 3260 modo
743 3193 917 3275 Kioviam,
946 3195 1049 3261 modo
1082 3194 1364 3276 Pereiaslaviam‚
1395 3191 1498 3258 modo

438 3319 632 3384 Muromum
642 3317 855 3402 uthispanici
867 3318 1115 3402 tragoediarum
1126 3316 1497 3404 scriptorestranssert.

338 3462 347 3487 ·
438 3441 597 3508 Narratio
623 3443 725 3509 modo
742 3442 858 3510 brevis
876 3448 910 3509 et
938 3443 1044 3524 sicca,
1069 3444 1171 3510 modo
1193 3443 1318 3510 diffusa
1342 3445 1376 3508 et
1401 3441 1499 3507 luxu-

437 3566 544 3634 rians.
1446 3568 1458 3581 '

482 3672 606 3758 Nestor
622 3691 751 3777 saepius
782 3691 982 3777 simpliciter
1006 3695 1040 3758 et
1063 3691 1159 3757 aride
1181 3694 1327 3774 narrat;
1350 3694 1386 3756 at
1407 3690 1500 3775 apud

437 3816 533 3882 illurn
557 3815 709 3884 studium
746 3817 997 3902 scripturarum
1031 3816 1226 3883 ariditatem
1255 3815 1500 3883 chronicorum

437 3944 638 4027 temperat:
676 3942 957 4028 quotiescumque
981 3946 1094 4028 potest
1127 3961 1294 4029 personas
1320 3959 1403 4010 suas
1426 3939 1500 4028 (nec
1618 3987 1621 3996 ·

437 4071 570 4133 tantum
587 4066 746 4132 homines
761 4067 822 4132 sed
839 4067 1017 4134 bominum
1028 4085 1164 4151 quoque
1179 4064 1301 4153 coetus)
1319 4065 1500 4150 loquentes

438 4181 580 4249 inducit.
601 4185 685 4258 Quae
709 4181 848 4266 quidem
863 4182 1037 4250 scribendi
1055 4183 1145 4276 ratio
1169 4181 1255 4249 mihi
1271 4201 1289 4247 e
1306 4180 1428 4250 Bibliae
1453 4180 1500 4246 li-

438 4305 511 4373 bris
525 4307 699 4376 historicis
713 4307 896 4392 desumpta
912 4306 1060 4374 videtur.
1095 4278 1099 4289 Ι

483 4427 598 4496 Liceat
616 4429 699 4496 mibi
720 4431 879 4516 exempla
904 4430 1063 4515 quaedam
1079 4431 1237 4516 praebere
1253 4433 1288 4496 et
1305 4429 1431 4512 gallica
1447 4428 1497 4494 uti

439 4553 600 4622 versione
628 4572 731 4637 quam
756 4556 885 4640 aliquot
903 4556 977 4638 jam
1002 4554 1127 4626 abhinc
1148 4553 1250 4624 annis
1276 4554 1312 4620 in
1333 4557 1498 4639 promptu
